4650 5842
738 759 946 840 ·=rraxr'rtr
970 763 1171 843 tuorrnr
1205 785 1257 841 rc
1284 743 1485 844 nvurrir.
1637 782 1709 852 313·

560 923 745 1034 pauentis
771 933 904 1012 versati
929 933 1012 1012 suut
1032 960 1074 1011 ac
1090 935 1310 1037 scripserunt
1327 937 1374 1014 de
1400 934 1484 1011 vitis
1510 955 1708 1036 martyrum

560 1059 592 1108 rc
625 1031 857 1143 studiorum,
888 1033 1181 1125 detractibus,
1220 1037 1274 1115 de¹
1302 1037 1471 1115 conciliis¹
1503 1034 1706 1138 similisque
1738 1103 1741 1108 ⁴

560 1137 848 1238 genetorebus.
898 1139 1034 1214 Delata
1055 1161 1211 1238 quoque
1232 1138 1278 1214 ad
1300 1163 1382 1215 uos
1405 1136 1487 1214 sunt
1501 1138 1613 1213 artatis
1634 1139 1706 1214 hu-

560 1261 610 1312 us
629 1235 788 1336 scripta,
810 1261 892 1338 quae
908 1235 1085 1335 probant,
1104 1262 1175 1316 nee
1193 1237 1380 1318 historiam
1407 1237 1617 1317 litterariam
1639 1263 1706 1340 pe·

560 1336 654 1414 ritus
677 1335 1027 1440 anglesiam-fuisse.
1662 1361 1668 1392 τ

647 1481 735 1546 Non'
756 1479 871 1546 omnia
901 1478 1087 1570 antiquiora
1118 1473 1258 1566 histotiae
1283 1473 1496 1548 ecclesrasticae
1519 1473 1707 1571 posterioris

598 1571 738 1650 soederis
755 1581 962 1648 monimenta
985 1575 1176 1647 conseruata
1197 1573 1279 1656 suut.
1362 1576 1594 1669 Quorumdam
1620 1573 1707 1672 frag·

598 1693 860 1750 menta'tautum
889 1676 1047 1747 habemus
1068 1677 1254 1773 horumque
1279 1669 1477 1748 innumero
1506 1674 1601 1746 sunt:
1633 1701 1707 1746 ua.

572 1793 578 1806 “
603 1785 775 1852 ous1ra'1
800 1775 1036 1873 ’ὑπομνήματα
1054 1775 1113 1874 ‘loir
1136 1771 1411 1864 diruituorae'ruriv
1443 1772 1616 1875 πράξεων,
1641 1774 1707 1847 siue
1792 1855 1797 1866 Ι

602 1885 900 1950 commentariorum
929 1877 1069 1948 odiorum
1087 1878 1341 1975 ecclesiasticorum
1362 1874 1435 1948 libri
1455 1883 1608 1977 quinque,
1633 1882 1708 1972 qui.

582 1981 663 2052 ‘bus
681 1997 793 2064 res'‚-a
814 1977 922 2049 christi
947 2001 1056 2049 morte
1076 2004 1178 2075 vsque
1193 1979 1234 2049 ad
1249 2002 1376 2052 aetatem
1390 1978 1501 2067 suam3
1514 1977 1580 2047 fiue
1603 1977 1645 2047 ad
1663 1978 1709 2048 se·
1792 1975 1794 1980 ’

572 2087 577 2114 ’
603 2083 718 2151 calum
731 2079 909 2152 secundum
925 2081 961 2150 in
980 2083 1112 2149 ciuitate
1132 2079 1300 2151 christiana
1319 2079 1441 2175 gestas,
1465 2101 1709 2152 commemora·

601 2204 717 2259 aerata
744 2186 909 2277 perierunt
923 2225 928 2238 ·
942 2199 1059 2251 autem·
1072 2201 1075 2206 ·
1089 2179 1139 2252 isti
1152 2239 1162 2274 ,
1193 2202 1305 2277 prater
1331 2177 1436 2275 partes
1479 2178 1640 2275 quasdam
1654 2180 1708 2250 -de

577 2335 582 2342 -
602 2286 768 2377 martyno
780 2280 914 2364 lacobi,
940 2278 1051 2351 fratris
1070 2280 1217 2352 domiui:
1243 2282 1281 2352 de
1301 2281 1550 2377 persequutione
1572 2284 1709 2376 propin·

602 2408 752 2482 quorum
770 2382 941 2453 seruatoris
962 2381 1082 2453 nostri:
1108 2381 1148 2453 de
1162 2386 1342 2474 Simeonis,
1361 2381 1515 2478 Cieophar
1530 2379 1601 2463 filii,
1623 2399 1709 2450 ruar-

603 2489 720 2578 tyrio,
760 2483 803 2554 ab
839 2505 1014 2553 avsuaro
1044 2487 1081 2552 in
1111 2483 1239 2579 historia.
1264 2482 1449 2582 ecclesiastica
1487 2481 1708 2557 conseruatas.

583 2590 724 2656 -Praeter
743 2585 811 2655 hac
832 2581 977 2680 spetiant
1005 2583 1095 2652 hur:
1130 2599 1332 2655 rars'rcnrr
1368 2583 1490 2679 ustoria
1512 2581 1709 2681 ecchfinffim,

602 2709 642 2758 ex
659 2710 733 2780 qua
747 2685 838 2756 locus
862 2683 902 2754 de
916 2683 1096 2754 Theodoro
1117 2685 1350 2780 Mopsuesteno
1367 2685 1482 2755 exstat:
1504 2708 1573 2754 rur
1584 2708 1708 2754 roure

602 2784 790 2884 philosophi
807 2784 930 2879 historia
941 2784 1016 2853 eccle
1026 2783 1136 2879 rustica,
1149 2810 1189 2855 ex
1206 2810 1271 2881 qua
1293 2809 1372 2855 uic
1383 2809 1484 2858 artat
1519 2807 1676 2856 outone
1690 2787 1711 2829 *

604 2887 770 2958 nonnulla
800 2884 926 2959 adfert:
964 2905 1193 2956 naturave
1231 2909 1425 2970 stouras,
1462 2888 1554 2955 cuius
1586 2885 1711 2979 disiariae

604 2987 773 3080 christiana
792 2985 917 3080 insigne
937 2981 1162 3079 fragmentum
1182 2985 1222 3057 de
1250 2985 1363 3057 scholar
1387 2984 1614 3057 Alexandrinae
1640 2984 1712 3055 suc.
1830 3069 1832 3076 Ι

608 3085 751 3180 cessione
769 3109 953 3162 nouato.
987 3111 1245 3159 noowuurvs
1272 3085 1308 3131 **
1331 3087 1432 3157 edidit
1449 3109 1547 3181 atque
1575 3086 1711 3172 illustra-

602 3195 684 3280 ,uita
710 3213 813 3284 quum
834 3208 945 3256 autem
960 3186 1099 3262 hisiotiae
1117 3188 1212 3257 huius
1225 3192 1354 3259 initium
1367 3186 1491 3258 fadum
1506 3188 1550 3257 est
1568 3188 1609 3257 ab
1630 3187 1711 3258 orbe

609 3290 749 3361 c'ondito
775 3313 878 3384 eaque
902 3286 944 3357 ad
964 3305 1094 3358 aetatem
1119 3289 1362 3368 audiorisasrue
1385 3289 1426 3358 ad
1452 3287 1594 3358 seculum
1618 3292 1712 3384 qui-u·

594 3413 678 3464 tum
700 3389 871 3486 perdudia,
909 3385 1147 3473 monimentis,
1178 3415 1250 3486 quae
1275 3389 1313 3460 ad
1341 3389 1444 3460 solam
1469 3390 1636 3461 historiam
1659 3414 1712 3459 ec·

607 3485 815 3564 defiasticam
845 3491 928 3559 noui
951 3487 1132 3562 testamenti
1159 3494 1339 3584 pertinent,
1367 3489 1420 3559 illa
1446 3488 1534 3560 haud
1552 3492 1713 3561 adnume-

607 3592 714 3664 randa
733 3591 787 3660 esi.
838 3590 990 3659 Aliorum
1004 3587 1120 3684 scripta
1143 3590 1289 3663 eiusdem
1305 3583 1442 3662 historia
1460 3616 1563 3684 graeca
1583 3597 1712 3685 penitus

605 3693 685 3770 sunt
708 3689 897 3785 deperdita,
925 3694 972 3762 vti
999 3713 1207 3773 toruurs,
1232 3691 1406 3785 presbyteri
1437 3696 1608 3785 Aegearis,
1630 3690 1714 3786 hisio-

606 3800 662 3866 ria
680 3791 884 3887 ecclerasir‘ca,
909 3815 928 3858 a
951 3788 1155 3886 depositione
1170 3792 1313 3863 Nessorii
1333 3812 1365 3861 et
1380 3790 1556 3861 Theodosii
1573 3795 1714 3862 iunioris

581 3887 585 3894 ’
606 3893 816 3990 temporibus
835 3890 925 3960 libris
953 3889 1082 3962 decem:
1112 3913 1275 3964 uasrrrr
1313 3892 1421 3963 Cilicis
1444 3889 1568 3984 historia
1588 3885 1716 3990 ecclesia-
1790 3957 1798 3969 ,

599 3995 682 4094 stica
698 3992 787 4064 libris
811 3991 931 4074 tribus,
954 3989 1130 4087 dequibus
1151 3992 1266 4063 itidem
1290 4015 1409 4064 veteres
1430 3989 1596 4068 testantur.
1651 3994 1715 4063 Sed

605 4097 744 4168 dimitto
765 4094 827 4162 hos
843 4116 881 4162 ac
903 4115 1006 4187 pergo
1019 4091 1061 4161 ad
1081 4116 1157 4182 eos,
1183 4119 1327 4188 quorum
1342 4097 1548 4168 monimenta
1575 4093 1715 4165 historiae

579 4279 583 4288 ⁸
607 4189 825 4270 ecclesiastica
847 4196 930 4262 noui
955 4189 1088 4263 foedetis
1108 4191 1150 4263 ab
1181 4197 1373 4292 antiquitate
1394 4193 1491 4265 nobis
1517 4197 1645 4290 integra
1664 4220 1716 4265 re·

602 4297 683 4392 lidia
705 4292 851 4367 fuerunt.
902 4298 984 4362 Sunt
1005 4290 1052 4364 illi
1075 4291 1125 4364 vei
1134 4300 1250 4390 ἐνιεὶς
1278 4293 1333 4369 vel
1355 4295 1455 4366 latini.
1504 4299 1544 4365 Iu
1574 4319 1715 4367 numero

603 4397 764 4486 ,illorumr
786 4394 851 4466 srue
872 4418 1056 4493 gracorum,
1077 4392 1218 4466 exstant:

1130 4519 1179 4584 ·V
1213 4535 1232 4600 5
1279 4551 1282 4560 ·
1599 4525 1716 4579 ruse-

1491 4666 1692 4692 *ι-

600 4776 620 4816 *
639 4769 731 4838 annrl.
769 4811 777 4832 .
833 4787 861 4836 2.
1327 4826 1331 4834 .

602 4873 641 4920 **
659 4779 830 4936 rai-uictis
842 4868 1057 4972 diffinitionum
1068 4888 1098 4932 m
1115 4867 1257 4947 irenam,
1273 4869 1397 4934 Oxoniae
1408 4837 1636 4933 uocantur.
1646 4873 1675 4937 8.
