4650 5842
779 761 1013 888 enrvtovit
1029 803 1227 868 'rnrnvtn
1246 807 1488 867 tentarint.
1663 751 1711 884 it

566 912 1706 950 mm

566 975 798 1070 :ommentati
820 974 929 1057 sunt;
964 994 1035 1048 nec
1056 968 1174 1046 solum
1197 993 1326 1069 eorum
1356 969 1449 1046 vitas
1476 995 1517 1048 ac
1545 996 1602 1049 res
1630 974 1717 1050 illu'-

566 1075 744 1164 strarunt3
768 1074 831 1154 sed
856 1073 988 1175 scripta
1005 1093 1183 1172 quoque,
1210 1069 1353 1146 abistis
1385 1071 1579 1171 compelita
1597 1097 1638 1150 ac
1658 1098 1717 1151 re.

566 1173 670 1270 lidia,
698 1199 926 1256 enarrarunt.
1000 1169 1186 1252 Audtoree
1210 1170 1250 1246 hi
1275 1170 1326 1248 ita
1353 1170 1448 1248 inter
1469 1172 1505 1253 se
1527 1172 1718 1266 differunt,

566 1297 603 1354 rt
630 1279 696 1358 alii
719 1277 767 1354 de
783 1276 948 1380 patribus
975 1272 1066 1350 sacri
1092 1271 1234 1362 ordinis
1258 1271 1334 1350 fine
1361 1271 1587 1356 discrimine¹
1604 1289 1727 1374 expo-'

568 1401 681 1471 nanu·
706 1379 772 1458 alii
791 1398 915 1456 autern
951 1378 1176 1474 explanent,
1211 1398 1292 1475 quat
1315 1374 1526 1460 adveteres
1553 1374 1717 1455 christia.
1777 1423 1807 1438 ,.

570 1504 636 1558 nos
660 1477 833 1558 doliotes
853 1477 942 1557 certi
958 1474 1115 1582 generis
1143 1476 1342 1572 pertinent.

583 1649 588 1656 ·
704 1617 760 1688 Ad
775 1617 891 1692 lotum
917 1620 1042 1688 huneii
1062 1620 1207 1712 primum
1239 1621 1425 1714 pertinent,
1464 1618 1521 1710 qui
1537 1609 1720 1710 promiscue

620 1717 661 1788 de
680 1719 827 1814 patribus
857 1719 991 1791 ecelesiae
1015 1715 1236 1789 disseruerunt.
1285 1721 1420 1788 Generis
1451 1716 1547 1788 huius
1576 1739 1614 1784 ea
1645 1713 1719 1786 lunt

617 1817 753 1918 scripta,
779 1841 925 1917 quorum
952 1818 1062 1891 tabula
1084 1843 1175 1928 nunc
1189 1818 1356 1916 sequitur:
1382 1861 1384 1866 ·

709 1984 798 2034 aaa.
827 1984 1031 2034 scvttttt
1057 1961 1192 2032 medulla
1210 1960 1366 2057 theologia
1383 1979 1538 2062 patrum,
1559 1987 1630 2058 que
1653 1967 1720 2060 pri·

586 2091 590 2102 ·
624 2085 717 2133 mutu
733 2086 792 2160 pet
810 2084 935 2157 portent
961 2061 1079 2132 deinde
1098 2065 1319 2146 coniunllim,
1360 2062 1562 2145 nonserue13
1589 2062 1642 2135 sed
1660 2070 1720 2135 ite-

626 2187 700 2233 turn
717 2185 817 2260 atque
835 2168 954 2233 iterum
970 2167 1005 2231 in
1021 2163 1231 2259 co'nlpedtum
1248 2164 1414 2262 publicum
1444 2168 1544 2236 venit.
1614 2168 1722 2237 Prima

623 2287 702 2366 pare
721 2264 845 2361 prodiit
869 2264 1041 2357 Ambergae
1066 2272 1257 2339 truxcvrtr.
1273 2287 1307 2355 4.
1333 2287 1407 2335 curn
1435 2263 1628 2361 praefatione
1654 2295 1722 2338 nn·
1805 2289 1807 2292 ’

629 2389 751 2436 vtors
795 2389 919 2436 tanet
958 2385 990 2436 et
1037 2362 1147 2434 denuo
1182 2363 1297 2435 litteris
1333 2365 1489 2460 descripta
1510 2365 1577 2449 est,
1601 2367 1724 2439 ibidem

608 2467 817 2546 'lchxttn
837 2489 873 2559 4.
901 2491 972 2562 quae
993 2464 1093 2536 editio
1117 2470 1153 2537 in
1182 2467 1279 2536 titulo
1303 2488 1419 2562 quarta
1441 2461 1646 2536 emendatior
1673 2483 1725 2538 at.
1782 2519 1785 2526 .

627 2591 700 2662 que,
717 2568 844 2637 audior
865 2564 1004 2637 dicitur:
1028 2564 1167 2644 secunda
1194 2567 1336 2662 Neapoli
1357 2573 1538 2648 Nemetum
1555 2587 1677 2642 MDcv.
1693 2591 1727 2640 et

626 2689 663 2738 rt
696 2668 812 2738 itidem
838 2667 1004 2762 inscriptio
1033 2667 1147 2750 habet,
1167 2667 1347 2762 'Ambergae'
1381 2685 1531 2744 Mucxv.
1570 2691 1605 2760 4.
1633 2675 1728 2741 tertia
1809 2663 1811 2668 ’

630 2769 777 2865 Neapoli
786 2773 972 2839 Nemetum
982 2786 1153 2857 Mucrxu.
1170 2768 1727 2866 quartaHeidelbergaentncxltu4.

628 2875 787 2965 Qtatuor
811 2868 858 2938 ha:
875 2892 980 2966 partes
999 2870 1202 2940 conlundim
1220 2869 1356 2965 'vnoque
1369 2869 1542 2968 *volumine
1555 2869 1662 2944 lucent
1676 2877 1728 2943 vi.
1804 2955 1807 2963 Ι

629 2970 769 3054 derunt,
795 2972 892 3040 titulo
918 2971 1005 3058 hoe:
1055 2966 1195 3043 ntadttllae
1226 2969 1380 3067 theologia
1401 2988 1533 3069 patrum
1544 2969 1729 3068 syntagma,

628 3076 666 3142 in
682 3061 746 3171 ¹quo
766 3069 924 3166 theologia
940 3067 1110 3170 priscarum
1129 3078 1303 3170 primitiae
1327 3072 1448 3168 eacltsta
1469 3071 1649 3157 dac‘lorum,
1671 3083 1729 3173 qui

627 3190 704 3246 ante
723 3189 756 3241 et
775 3169 836 3266 poll
860 3176 1020 3243 concilium
1045 3179 1204 3245 Nicanum
1214 3171 1422 3268 floruerunt,
1454 3174 1598 3243 methodo
1617 3171 1728 3269 abab·

630 3279 700 3346 tica
716 3291 750 3342 at
757 3268 933 3368 synthetica
948 3272 1079 3374 expreffa
1093 3293 1191 3372 atque
1207 3300 1227 3346 a
1242 3272 1375 3348 Roltrti
1396 3274 1581 3345 Belarmt'ni
1589 3319 1607 3367 ,·
1633 3271 1729 3371 Casa.

631 3381 684 3448 rit
699 3379 851 3459 Baroaii,
876 3371 1026 3470 Gregorii
1054 3376 1094 3447 dr
1113 3378 1260 3447 Valentia
1282 3377 1479 3475 aliorumque
1495 3370 1730 3476 pontificiorum

628 3478 820 3574 corruptelis
836 3481 885 3546 ita
911 3477 1118 3560 uindicatur,
1139 3498 1178 3548 vt
1196 3477 1316 3577 liquido
1344 3477 1520 3575 adpareat,
1538 3498 1632 3577 praet
1646 3476 1731 3573 solat

629 3579 824 3672 reformatas
847 3578 979 3670 ecclassas
1003 3575 1055 3676 effe
1071 3577 1221 3649 doa'lrinae
1240 3598 1273 3648 ot
1294 3585 1446 3650 veritatis
1475 3580 1655 3674 euangelica
1671 3597 1730 3649 art·

632 3686 839 3780 tiqaitatrm,
871 3679 1077 3750 Francolurti
1092 3698 1353 3771 MDcxxxtv04,
1418 3685 1469 3753 De
1486 3678 1558 3775 ipsis
1586 3680 1733 3776 patribus

628 3805 813 3874 eorumque
831 3780 926 3850 rebus
943 3782 1058 3850 audior
1076 3780 1217 3851 breuiter
1235 3776 1376 3859 disserite
1399 3781 1492 3877 plura
1510 3802 1619 3852 autern
1638 3781 1679 3852 de
1692 3781 1733 3851 il·

633 3882 748 3978 lorum
760 3880 882 3976 scriptis
897 3878 1013 3952 adfert.
1064 3880 1202 3954 Exhibet
1215 3886 1302 3952 enit'n
1315 3880 1497 3964 uberiorem
1516 3901 1614 3976 atque
1632 3882 1732 3952 adiu.

632 3986 792 4054 rariorem
817 3981 954 4053 istorum
978 3979 1122 4074 analyfin
1147 4008 1186 4054 at
1211 4006 1268 4077 per
1292 3985 1452 4077 praecipua
1480 3982 1653 4076 theologie
1679 4007 1733 4052 ca-

635 4088 708 4180 pita
723 4082 880 4177 dogmata
901 4130 911 4165 ,
937 4107 1007 4178 quae
1022 4086 1058 4152 in
1079 4083 1194 4153 iisdem
1215 4084 1402 4163 traduntur,
1430 4083 1599 4176 diligenter
1622 4108 1734 4154 recen·

633 4181 699 4262 sert
714 4187 771 4266 ,ita
791 4203 921 4268 tauteu,
945 4204 981 4255 vt
997 4186 1112 4254 omnia
1137 4184 1180 4256 ad
1197 4181 1455 4256 reformatorum
1475 4206 1581 4281 partes
1598 4185 1735 4259 trahere

639 4285 819 4356 adnitatur.
1383 4291 1385 4295 '

724 4451 907 4501 nvevsrt
941 4450 1124 4501 vnneurr
1150 4428 1363 4499 rationarium
1385 4422 1587 4518 theologicum
1600 4419 1640 4492 de
1648 4417 1739 4517 scri·

634 4527 781 4626 ptoribut
804 4527 1003 4626 ecclrfiaslt'cit
1018 4526 1117 4625 seculi
1142 4536 1265 4628 primi,
1297 4527 1465 4600 Rollochii
1489 4542 1675 4603 MDCLXIX·
1698 4542 1736 4612 4.

637 4653 677 4700 ac
690 4630 795 4726 fictili
804 4631 957 4728 strumii,
990 4632 1108 4702 eodem
1133 4630 1211 4700 loco
1228 4647 1440 4704 MDctxxlll·
1463 4652 1518 4724 4.,
1553 4622 1593 4694 de
1618 4621 1735 4718 quibus

636 4730 849 4830 scriptoribus
870 4734 983 4801 audior
1004 4737 1049 4801 ita
1073 4748 1337 4809 commentatur,
1351 4750 1386 4800 vt
1399 4752 1475 4798 curn
1499 4730 1678 4819 generatim
1697 4720 1737 4791 de

630 4834 767 4908 illorum
792 4835 985 4906 audioritate
999 4857 1038 4905 ae
1061 4832 1287 4907 distributione
1304 4827 1459 4929 disputem
1484 4847 1555 4898 turn
1569 4824 1737 4993 fpeeiatipt

1157 4977 1160 4980 -
1720 4945 1739 4993 e
