4650 5842
604 792 1050 869 assona-sructura*
1067 791 1319 847 rnnotomt
1357 789 1595 848 toramen·
1622 851 1625 858 ,
1649 785 1725 864 453

566 897 1710 928 ............-.-...--....-...

593 1007 606 1020 ·-
672 969 825 1070 Inprimis
845 964 1101 1035 memorandum
1125 963 1191 1046 esi,
1216 960 1310 1035 fuisse
1337 970 1423 1037 inter
1443 971 1645 1063 antiquiores
1667 990 1720 1037 ee·

610 1066 712 1140 elesa
735 1066 914 1146 dodones,
940 1069 999 1161 qui
1017 1088 1143 1136 nouam
1168 1068 1334 1136 rationem
1349 1065 1534 1163 disputandi
1554 1093 1595 1138 ac
1611 1092 1718 1165 quum

586 1166 846 1248 controuersia
863 1188 948 1235 natae
970 1162 1096 1247 essent,
1122 1188 1239 1244 contra
1266 1166 1468 1239 aduersarios
1492 1168 1631 1241 feliciter
1655 1194 1719 1265 pu·
1820 1237 1822 1242 .

689 1263 757 1358 ''di,
788 1263 946 1338 inuenisse
979 1264 1038 1337 fibi
1073 1265 1302 1362 persuaderent
1343 1291 1483 1366 eamque
1518 1271 1721 1341 adhiberent.

607 1292 704 1451 ξω
768 1368 861 1440 tilla
885 1368 935 1437 ad·
965 1369 1183 1452 methodum,
1210 1368 1356 1439 hostibus
1384 1370 1660 1465 prescriptionem
1680 1392 1720 1440 ac

571 1507 585 1528 -·
613 1472 826 1548 traditionem
845 1469 1040 1565 opponendi
1063 1494 1102 1566 ac
1122 1492 1181 1563 per
1208 1490 1380 1565 vtramque
1401 1471 1567 1566 dogmatis
1599 1475 1719 1543 verita·

605 1593 682 1654 ,tent
708 1571 887 1667 probandi.
944 1575 1089 1665 Hacque
1113 1569 1160 1639 est
1186 1570 1386 1654 methodus,
1408 1597 1481 1669 qua
1504 1572 1614 1668 postea
1635 1597 1718 1668 prae.

607 1672 685 1745 sulis
727 1676 859 1742 tomani
897 1668 1151 1741 adsesiatoribus
1200 1670 1342 1742 muitum
1379 1669 1411 1743 se
1445 1674 1717 1752 commendauit3

612 1799 633 1845 a
665 1772 860 1843 nostratibus
894 1793 1004 1842 autem
1033 1793 1133 1868 atque
1157 1795 1179 1842 a
1207 1768 1395 1843 reformatis
1429 1775 1595 1871 theologis
1623 1776 1720 1847 douc

608 1872 770 1970 firmeque
798 1871 971 1944 confutata
987 1872 1048 1946 esi.
1456 1898 1463 1909 ⁸
1720 1905 1726 1912 ·

590 2015 594 2024 ·
672 1980 761 2046 inter
789 1999 868 2058 cos,
901 1978 958 2070 qui
996 1972 1038 2044 de
1072 1991 1163 2042 noua
1194 1993 1311 2044 contra
1336 1970 1505 2046 haereucos
1535 1974 1720 2073 disputandi

611 2079 744 2147 ratione
793 2079 1003 2170 cogitarunt,
1037 2072 1151 2144 locum
1181 2071 1238 2142 fibi
1261 2070 1341 2144 fecit
1388 2100 1716 2151 rrnrvturturs
1767 2073 1771 2086 ¹

609 2174 699 2247 libro
733 2177 775 2246 de
808 2170 1086 2272 prascriptionibut
1119 2191 1232 2243 contra
1268 2178 1437 2257 maios,
1472 2203 1541 2273 qno
1584 2202 1714 2252 nouum

611 2276 774 2363 modum,
809 2278 978 2347 haereticos
1004 2274 1223 2372 profligandi,
1259 2270 1362 2345 iniisse
1384 2300 1422 2345 ac
1452 2274 1594 2349 laudasse
1622 2281 1715 2352 vide·
1812 2287 1822 2331 Γ

609 2400 677 2449 tur.
727 2377 920 2447 Vocabuio·
943 2382 1033 2445 enim
1081 2373 1319 2471 prascriptionis
1347 2376 1465 2448 talem
1512 2372 1714 2473 significandi

609 2484 681 2551 rim
713 2478 851 2561 tribuit,
876 2477 981 2575 qualis
1008 2481 1044 2546 in
1071 2474 1188 2548 scholis
1211 2472 1506 2549 iureconsultorum
1531 2478 1644 2551 vfitata
1660 2484 1717 2567 ests

602 2593 785 2678 'quumque
815 2604 877 2674 per
896 2578 976 2650 illud
1008 2601 1081 2646 eam
1101 2572 1275 2648 bonorum
1304 2573 1528 2673 posseffionem
1554 2582 1717 2681 intelligit,¹

608 2697 685 2780 'qua
716 2681 861 2775 longiori
897 2682 1056 2774 temporis
1089 2676 1195 2774 spatio
1225 2676 1408 2768 seruetur,
1445 2681 1601 2752 haereticis
1630 2690 1718 2755 anti.

611 2786 775 2879 quitatem
809 2806 890 2851 verae
921 2780 1079 2849 'tiodrinae
1114 2781 1257 2873 opponit
1279 2798 1379 2876 atque
1408 2805 1448 2849 ex
1467 2804 1529 2864 eo,
1549 2785 1640 2879 qnod
1671 2786 1718 2857 illi

611 2906 705 2953 nona
731 2882 891 2977 dogmata
916 2880 1064 2974 tradant,
1088 2878 1243 2969 conficit,
1269 2880 1339 2948 hac
1364 2877 1443 2950 falsa
1464 2877 1525 2954 esse
1551 2906 1649 2979 atque
1666 2910 1716 2957 er·
1797 2900 1813 2927 Χ

612 3007 730 3057 tonsa.
782 2989 894 3079 Quem
918 2980 1169 3075 argumentandi
1199 2979 1338 3050 modum
1372 3006 1444 3051 non
1473 2983 1569 3078 plane
1591 2987 1716 3059 redium

613 3107 714 3179 atque
733 3084 926 3153 adcuratum
952 3077 1034 3165 esse,
1056 3086 1122 3151 iam
1150 3081 1274 3152 dudum
1294 3081 1487 3153 denotatum
1512 3085 1565 3157 tsi
1616 3087 1718 3185 ldque

576 3205 581 3216 '
610 3207 647 3258 et
675 3209 723 3256 res
746 3183 816 3280 'ipsa
843 3182 1012 3257 monstrat.
1066 3189 1149 3251 Non
1169 3183 1284 3253 eadem
1314 3188 1398 3252 ratio
1416 3182 1461 3253 est
1482 3191 1649 3271 veritatis,
1674 3214 1715 3258 ae

611 3286 804 3367 bonorum,
838 3308 981 3382 quotum
1020 3275 1171 3353 homines
1209 3283 1340 3353 domini
1370 3284 1461 3366 sunt,
1499 3308 1532 3356 et
1564 3293 1716 3379 quamuis

609 3377 800 3468 veritate'm,
827 3391 862 3455 in
891 3385 921 3455 se
946 3384 1140 3475 spesiatam‚
1167 3408 1277 3454 errore
1297 3387 1517 3481 antiquiorem
1532 3384 1614 3481 esse,
1633 3416 1717 3463 con.

610 3489 695 3565 sieta
716 3493 908 3582 contingere
933 3480 1045 3554 tamen
1077 3485 1200 3579 potest,
1224 3509 1259 3555 vt
1286 3489 1358 3579 quis
1390 3510 1447 3579 per
1472 3486 1604 3582 longius
1630 3514 1715 3566 tem·

610 3582 701 3688 pus,
725 3613 783 3683 per
800 3588 892 3685 quod
916 3610 1091 3656 erroneum
1121 3583 1245 3680 dogma
1268 3585 1487 3681 adprobant,
1510 3588 1541 3659 se
1565 3590 1716 3687 aliqnan-
1751 3651 1753 3656 .

597 3691 658 3764 ‘do
690 3695 861 3761 veritatem
887 3681 1051 3767 habuisse,
1086 3691 1229 3781 ignoret.
1281 3687 1518 3781 Adiungendus
1540 3691 1584 3760 est
1617 3720 1713 3763 viu.

577 3811 594 3825 ··
618 3815 809 3862 cuurtvs
829 3788 994 3885 Lerinenstt
1013 3787 1058 3857 ob
1078 3792 1313 3856 commonitoria
1334 3790 1394 3857 duo
1406 3813 1463 3878 pro
1480 3792 1628 3862 catholice
1639 3792 1719 3887 fidei

613 3898 804 3992 antiquitate
831 3910 863 3959 ct
887 3885 1118 3985 uniuersalitate
1145 3883 1290 3983 adrursut
1324 3890 1474 3984 profanas
1502 3898 1637 3963 omnium
1659 3901 1738 3991 ¹¹⁴(

611 4018 714 4065 recon
731 3998 930 4079 mustiones,
955 4013 1026 4085 quae
1045 3994 1112 4059 iam
1130 4009 1226 4059 antea
1252 3994 1445 4059 memoraui.
1496 3996 1597 4061 Nune
1616 3995 1717 4082 addo,

590 4095 734 4167 alibrum
753 4096 841 4164 hunc
867 4088 947 4174 esse,
968 4095 1003 4160 iti
1031 4089 1100 4186 quo
1128 4093 1317 4159 Vincentius
1336 4091 1549 4161 commendat
1572 4097 1718 4167 traditio·

615 4221 695 4268 nem
723 4195 857 4266 ecclestae
884 4193 1069 4274 catholica,
1102 4190 1203 4260 veluti
1233 4186 1439 4261 certiffimam
1481 4196 1720 4268 controuersia·

614 4322 691 4370 rum
709 4321 863 4367 normam
883 4317 927 4379 et,
948 4314 984 4365 vt
1000 4291 1168 4390 persuadet
1187 4290 1256 4373 sibi,
1281 4298 1442 4385 optimam
1462 4298 1635 4378 rationem,
1657 4300 1719 4368 ha·

615 4402 736 4470 reticos
762 4396 954 4471 refellendi„
994 4398 1163 4485 Quocirca
1190 4416 1262 4461 non
1288 4396 1407 4462 mirum
1422 4392 1483 4474 est,
1514 4397 1605 4488 quod
1634 4396 1716 4471 liber

614 4502 670 4571 hic
704 4498 791 4595 apud
817 4496 982 4593 pontificis
1005 4498 1136 4564 romani
1157 4491 1370 4582 adsesiatores
1394 4496 1429 4561 in
1449 4516 1573 4586 magno
1595 4494 1632 4566 fit
1656 4500 1718 4568 ho·

618 4625 704 4671 note
721 4621 820 4697 atque
843 4599 1079 4670 existimatione
1101 4593 1301 4687 summisque
1321 4592 1469 4663 laudibus
1486 4596 1522 4662 in
1542 4595 1655 4669 calum
1671 4600 1718 4671 es·

616 4700 753 4775 fetatur.
806 4706 850 4771 At
869 4724 950 4769 vero
977 4697 1168 4778 traditiones
1196 4698 1332 4764 minime
1354 4694 1494 4779 rectam,
1516 4718 1639 4767 certant
1668 4697 1719 4769 sa·
1765 4770 1773 4780 ,

617 4803 781 4902 cile‘mque
800 4807 888 4890 viam
912 4798 1093 4871 monstrare
1117 4794 1255 4965 adfiites
1281 4794 1492 4866 decidendas:
1516 4798 1629 4902 immo·
1645 4823 1722 4873 cum
1756 4788 1759 4794 ’
1828 4887 1830 4899 Ι

1127 4901 1149 4969 F
1206 4913 1229 4993 3
1444 4955 1448 4961 .
1627 4904 1725 4972 ruiis
