4650 5842
555 796 558 809 '
591 808 697 895 ‚gra
741 772 884 877 satvr
914 798 1013 860 xiv.
1036 800 1097 861 ura
1126 790 1299 860 alnou
1327 798 1504 861 noceas.
1526 800 1781 863 samonaos
1817 848 1820 853 .

608 965 785 1071 ,matibus
822 959 930 1059 fidei,
960 959 1153 1042 diuinitus.
1178 959 1405 1075 ‚praelatum
1433 967 1583 1053 morales
1602 908 1731 1046 autem
1752 992 1801 1046 te·

622 1067 724 1175 gulia
743 1064 827 1144 vitae
853 1060 1109 1169 suasoris-‚a
1132 1061 1203 1143 deo
1222 1063 1453 1169 praescriptis.
1511 1162 1530 1197 ι,
1562 1172 1565 1179 ¹

735 1370 799 1452 De
825 1364 1014 1448 erroribus
1037 1364 1243 1471 exegeticis
1269 1390 1311 1444 ac
1329 1366 1539 1453 ¹moralibus
1561 1392 1674 1453 autea
1699 1402 1794 1456 com·

563 1495 569 1520 s
620 1490 806 1551 attentatus
829 1469 935 1557 suma
959 1467 1057 1546 hanc
1085 1489 1211 1571 autern
1235 1466 1285 1546 ob
1310 1494 1407 1564 rem,
1434 1470 1566 1572 prac'tet
1595 1474 1793 1556 historicos

621 1570 830 1673 quosdam,
875 1570 1011 1649 restant
1049 1591 1194 1648 tannim
1252 1590 1393 1649 errores
1433 1575 1654 1673 dogmatici,
1689 1604 1793 1675 nunc

620 1670 833 1753 enarrandi.
886 1668 1086 1749 Diuersum
1113 1670 1167 1748 illi
1204 1692 1435 1749 momentum
1462 1672 1604 1754 habent
1626 1678 1790 1783 suntque

584 1820 594 1865 .·
620 1777 683 1865 trel
703 1773 1011 1873 fundamentalem
1042 1775 1104 1850 vel
1124 1798 1193 1851 non
1214 1772 1510 1869 fundamentales.
1587 1780 1689 1876 Qua·
1706 1776 1791 1863 ante

619 1873 735 1979 postea
758 1871 988 1960 differentia,
1009 1869 1036 1947 li
1056 1896 1218 1976 quaeras:
1248 1872 1358 1950 cuius
1381 1877 1532 2053 generis
1558 1876 1628 1958 lint
1644 1904 1789 1982 patrum

619 1995 789 2056 errores:
823 2000 915 2067 num
937 1972 1236 2055 fundamentales
1258 1973 1314 2049 illi
1338 1973 1384 2050 ha
1413 1976 1467 2053 eri
1494 1977 1682 2072 debeant,
1716 2006 1787 2065 nec

618 2068 698 2159 ite?
730 2071 906 2179 dogmata
939 2075 1018 2177 ipsa
1054 2102 1095 2155 ac
1129 2071 1322 2164 modum‚'
1340 2072 1403 2154 illa
1430 2078 1676 2193 explicandi,
1696 2067 1786 2161 '‘dis-

618 2199 774 2258 cernere
797 2175 993 2256 debemus.
1044 2179 1089 2254 ln
1110 2173 1195 2278 ipsas
1222 2174 1461 2279 dogmatibus
1482 2182 1632 2281 risque,
1659 2186 1713 2263 vti
1731 2187 1784 2263 di.

620 2297 776 2368 tuantur,
801 2274 1167 2366 fundamentalibus,
1190 2274 1266 2361 stne
1294 2302 1455 2380 quorum
1485 2283 1618 2359 notitia
1651 2287 1782 2367 necin
1818 2342 1820 2351 ·

619 2377 796 2460 christum
826 2378 1002 2479 credere3
1020 2404 1087 2457 nec
1112 2378 1263 2475 salutem
1295 2399 1467 2458 aternam
1495 2383 1677 2486 consequi
1703 2388 1780 2488 pos·

519 2541 521 2545 .
617 2478 746 2566 sumus
796 2479 845 2558 de
867 2476 969 2558 tedia
994 2478 1056 2558 via
1086 2498 1208 2579 patres
1249 2477 1352 2557 haud
1376 2479 1629 2562 deflexerunt:
1670 2490 1778 2566 imno

645 2606 711 2659 raec
766 2579 976 2659 averitatis
1008 2580 1215 2660 testimonia
1247 2570 1305 2660 'de
1342 2580 1429 2658 iltis·
1457 2584 1712 2686 reliquerunt,
1730 2587 1777 2669 vti

615 2605 727 2782 iupra
748 2682 975 2785 monstraui,·¹
998 2681 1135 2765 modus
1162 2698 1306 2769 autem,
1336 2705 1414 2785 quo
1444 2683 1509 2760 ilia
1535 2690 1774 2797 explicarunt,

615 2800 699 2864 non
746 2784 899 2885 penitus
926 2782 1029 2882 uitiis
1070 2801 1194 2884 caret,
1226 2783 1313 2883 'quae
1338 2784 1392 2862 vti
1416 2783 1458 2861 iu
1479 2784 1562 2862 aliis
1587 2786 1772 2868 sanffiorb

616 2880 797 2964 doilrinae
822 2881 1051 2986 disciplinis3
1076 2884 1129 2965 ita
1152 2882 1195 2961 iu
1220 2881 1412 2988 theologia
1442 2910 1598 2989 quoque
1630 2889 1770 2997 dogma·

613 2982 691 3066 tica
719 2984 979 3089 prodiderunt.
1310 3042 1313 3046 ›
1611 3060 1617 3069 .

620 3103 629 3147 '·
731 3112 901 3202 Dogmata
932 3105 1010 3178 fidei
1036 3128 1140 3204 eaque
1168 3105 1362 3203 principalia
1393 3108 1479 3180 teile
1505 3107 1644 3206 quidem
1675 3130 1767 3209 patret
1805 3154 1806 3161 κ

623 3210 627 3245 ²
666 3207 897 3287 tradiderunt3
919 3231 992 3281 non
1014 3211 1130 3284 omnia
1159 3228 1274 3280 autent
1308 3231 1425 3280 eorum
1456 3216 1588 3305 capita,
1625 3213 1766 3284 adcurate

619 3312 625 3345 ·’
667 3309 764 3393 satis,
790 3307 957 3399 distindie,
981 3309 1159 3407 perspicue.
1211 3311 1294 3379 Non
1317 3311 1357 3379 iis
1377 3309 1484 3408 verbis
1512 3307 1699 3410 formisque
1724 3306 1765 3383 di.

579 3438 582 3446 ·
611 3444 616 3459 .
666 3411 765 3485 cendi
789 3400 1082 3507 semper‘vsrsunt,
1105 3433 1177 3506 quae
1194 3406 1373 3482 necessariae
1387 3432 1501 3493 etant,
1529 3411 1585 3482 vbi
1613 3411 1764 3486 sententie

669 3510 745 3610 ipsae
775 3512 860 3583 telle
894 3513 1033 3608 exprimi
1065 3508 1238 3585 debebant.
1315 3515 1412 3586 Natae
1439 3536 1478 3584 ex
1500 3534 1542 3582 eo
1567 3510 1646 3585 lunt
1670 3537 1764 3611 praue

620 3607 624 3641 ³
666 3615 954 3710 interpretationes
978 3635 1117 3696 eorum,
1163 3635 1236 3711 quae
1262 3631 1370 3710 patres
1408 3610 1524 3709 scripta
1563 3613 1764 3713 reliquerunt.

617 3727 647 3759 '‘
666 3714 811 3792 Praebuit
825 3713 902 3785 hec·
920 3713 1079 3809 loquendi
1106 3716 1216 3798 ratio,
1238 3736 1309 3783 non
1337 3712 1411 3784 satis
1436 3713 1591 3784 adcurata
1622 3737 1763 3814 aptaque,

568 3806 570 3813 ¹
632 3843 639 3849 ·
667 3819 841 3890 materiam
862 3811 1121 3910 disputationum
1138 3838 1178 3884 ac
1197 3813 1508 3890 controuersiarum.
1559 3819 1675 3899 Paucis
1687 3838 1703 3888 ε’
1718 3840 1764 3916 pa·

666 3935 733 3994 tres
751 3914 866 3990 melius
884 3915 1051 3989 interdum
1079 3913 1262 3994 senserunt;
1292 3938 1394 4012 quarn
1417 3911 1549 4015 loquuti
1578 3915 1666 3988 sunt.
1746 3929 1753 3935 “
1807 3987 1820 4008 ἡ

718 4211 816 4290 Sunt
849 4229 1005 4312 quoque
1033 4099 1174 4286 armies
1199 4227 1342 4310 patrum
1371 4206 1424 4288 ita
1456 4206 1617 4313 diuersi,
1645 4231 1686 4290 vt
1712 4205 1767 4287 alii

613 4304 693 4389 illis
719 4331 806 4390 vere
841 4308 1048 4389 tribuantur
1056 4332 1068 4398 ;
1084 4315 1087 4322 ’
1101 4309 1165 4406 alii
1193 4330 1333 4389 autem.
1353 4310 1599 4417 adfinguntur.
1651 4313 1768 4391 Poste·

617 4412 699 4491 rius
737 4407 920 4514 praecipue
956 4409 1001 4488 ab
1026 4408 1084 4485 iis
1125 4411 1187 4512 fit,
1237 4413 1304 4515 qui
1340 4414 1532 4517 pomerias
1572 4414 1768 4492 sententias

613 4508 702 4619 fuas
724 4532 869 4613 patrum
908 4507 1125 4603 audioritate
1152 4512 1249 4593 tueri
1277 4513 1410 4613 volunt
1440 4514 1554 4617 leque
1593 4541 1680 4603 cum
1715 4515 1768 4589 his

619 4612 854 4715 consentire,
876 4610 956 4690 aliis
978 4611 1218 4713 persuadere,
1252 4613 1479 4695 adnituntur.
1527 4614 1589 4696 Ad
1618 4615 1770 4694 consen·

615 4714 759 4793 'fiunem
790 4712 894 4792 hanc
921 4713 1172 4816 probandam3
1206 4706 1284 4794 liue
1311 4714 1357 4793 ad
1381 4705 1511 4794 fucum
1543 4715 1772 4819 faciendum,

610 4838 762 4923 patrum
781 4812 890 4897 effata
923 4837 1040 4918 praue
1065 4816 1353 4921 interpretantur
1374 4815 1550 4921 atqueita
1577 4818 1665 4899 falsa
1682 4819 1774 4923 dog-

782 4968 787 5003 r
1018 4968 1024 4984 ..
1120 4945 1123 4954 ·
1674 4945 1769 5001 mata
