4650 5842
885 787 1400 876 PRAEFATIO.
1532 792 1536 804 '

533 1011 657 1078 uum
691 984 746 1076 de
777 1007 926 1102 pamm
969 981 1126 1088 tctlefie'
1153 979 1353 1086 eruditione
1374 987 1505 1098 fitero,
1533 987 1722 1104 speciatim

536 1101 729 1220 theologia
745 1102 933 1218 exegetica
940 1153 962 1230 ,·
981 1094 1051 1184 vbi
1081 1098 1303 1230 exponitur
1319 1096 1372 1184 de
1401 1102 1477 1201 iis,
1515 1105 1590 1215 qui
1606 1129 1718 1236 ¹prm.-

541 1239 682 1448 ῗιζὲἓ
706 1213 1011 1418 milit
1034 1207 1306 1413 stillim
1322 1355 1332 1413 2
1350 1215 1719 1444 timialia

546 1445 760 1564 scripturo
780 1443 997 1531 dioioioris
1024 1441 1301 1554 reliquerunt:
1341 1445 1442 1532 item
1489 1447 1717 1562 metaphra-

550 1559 634 1652 lln:
661 1557 833 1648 subsidia
863 1555 918 1645 ad
945 1583 1000 1644 ex
1028 1553 1197 1644 lonaoda
1226 1559 1385 1646 oracula
1408 1559 1569 1670 diuino,
1590 1565 1723 1650 maxi.-

548 1703 620 1766 me
669 1671 933 1792 geographiae
970 1581 1029 1758 ah
1068 1670 1344 1788 chronologiae
1390 1671 1717 1796 suppeditarunte

549 1794 664 1882 viam
685 1789 963 1892 monstrarunt
990 1812 1040 1874 ac
1067 1785 1157 1874 loca
1180 1787 1253 1874 scri
1286 1813 1407 1896 tura,
1435 1795 1656 1906 quainter
1677 1791 1728 1888 se.

550 1929 743 2024 pugnate
778 1903 996 1998 videntur,
1041 1899 1309 1996 conciliant:
1353 1903 1406 1992 de
1452 1909 1559 1995 vitiis
1596 1910 1719 2000 etiam

552 2045 719 2142 potrum
766 2019 1010 2136 exegeticis:
1067 2041 1227 2106 nonum
1281 2016 1334 2105 de
1410 2045 1531 2106 atmem
1575 2024 1718 2130 eeclefia

553 2133 754 2226 mollitiam
786 2135 915 2242 sotera,
935 2133 1132 2244 speciatim
1154 2131 1333 2250 theologia
1375 2043 1595 2268 hgmacca,
1630 2127 1719 2250 qoo

557 2253 689 2368 capite
717 2270 852 2365 potres
893 2248 936 2333 io
956 2249 1089 2358 iisque
1120 2244 1237 2334 testes
1271 2249 1448 2336 veritatis
1475 2251 1719 2368 euangelic'ae

507 2395 510 2436 ν
587 2389 704 2456 ceter
726 2361 829 2450 alios
857 2385 1127 2458 enarrantur,
1162 2386 1245 2448 vna
1278 2388 1374 2449 cum
1412 2363 1517 2474 illis,
1553 2371 1629 2480 qui
1660 2391 1719 2456 te·

594 2485 603 2504 '
648 2483 743 2570 onia
766 2476 856 2566 haec
877 2474 1198 2576 recensuerunt,
1239 2473 1505 2589 illustrarunt,
1542 2481 1722 2570 vindica·

563 2619 678 2688 rlmtt
698 2593 909 2684 decimum
925 2589 979 2678 de
990 2591 1292 2709 patrumecclesta
1308 2595 1723 2716 eruditiomtstotra‚spe·

563 2719 686 2802 tiotim
706 2709 885 2830 theologia
898 2707 1092 2824 polemico,
1108 2707 1315 2821 praecipue
1335 2707 1388 2796 de
1412 2707 1575 2798 illorum
1599 2710 1724 2829 scrip·
1744 2777 1746 2782 -

564 2829 612 2920 tis
652 2847 796 2918 contra
838 2847 1018 2940 paganos
1041 2818 1258 2926 homines,
1289 2822 1468 2934 iudaeos,
1499 2823 1722 2942 haereticos,

562 2969 603 3034 ac
640 2940 892 3058 depactum
924 2940 1079 3024 ratione
1099 2933 1338 3052 disputandi
1371 2963 1512 3026 contra
1541 2940 1722 3036 aduersa*

560 3063 659 3150 rios:
698 3053 979 3146 vndecimum
1008 3052 1062 3141 de
1085 3051 1235 3170 pateam
1262 3053 1405 3156 ecclesta
1440 3054 1637 3142 eruditione
1656 3061 1719 3160 fio-
1776 3161 1780 3170 ι

560 3205 650 3286 ma,
680 3171 876 3292 speciatim
896 3155 1075 3288 theologia
1105 3165 1319 3278 [imbolicm
1347 3166 1642 3292 duodecimum
1664 3172 1718 3262 de

557 3313 707 3412 pactam
728 3285 871 3391 ecclefiae
895 3281 1095 3369 eruditione
1104 3283 1214 3382 fitero
1227 3346 1239 3389 ,
1251 3284 1441 3400 speciatim
1454 3283 1632 3405 lheolagia
1656 3318 1718 3375 ca-

505 3416 511 3476 l
559 3403 755 3494 techetica:
789 3399 956 3486 tertium
993 3421 1042 3484 ac
1073 3393 1282 3484 decimum
1308 3394 1360 3485 de
1389 3421 1539 3516 patrum
1573 3402 1718 3506 ecclefia

559 3515 760 3606 emdltio'tte
789 3517 922 3624 ¹scita,
947 3511 1137 3630 speciatim
1176 3509 1353 3631 theologia
1395 3515 1542 3610 morali,
1574 3513 1627 3602 de
1655 3519 1718 3631 iis,

558 3635 636 3750 qui
656 3627 887 3742 dostrioam
912 3624 1108 3714 moralem
1137 3623 1405 3739 explanarunt
1435 3631 1582 3742 partim
1605 3629 1718 3722 obla·-

561 3773 602 3838 ta
637 3744 876 3848 oocastone3
907 3744 1057 3856 partim
1090 3765 1148 3827 ex
1170 3741 1383 3858 instituto,¹
1412 3765 1460 3830 eo
1491 3743 1717 3861 discrepan-

559 3865 638 3968 tia,
673 3883 721 3948 vt
739 3859 816 3948 alia
849 3879 995 3944 eorum
1020 3854 1164 3969 scripta
1195 3859 1374 3944 maxime
1409 3861 1637 3972 pertineant
1664 3857 1722 3952 ad'

560 3977 739 4068 ethicam
768 3971 1043 4062 christianam:
1080 3969 1156 4060 alia
1188 3969 1241 4058 ad
1275 3972 1635 4089 iorisprudentiam
1658 3978 1718 4066 di·

558 4095 733 4201 ninom,
782 4113 871 4204 quo
901 4086 993 4175 loco
1031 4107 1074 4174 et
1103 4088 1335 4200 quaeritur:
1373 4090 1482 4202 quali
1504 4094 1547 4178 in
1584 4090 1717 4208 pretio

558 4231 729 4328 potrum
764 4201 978 4318 theologia
1026 4195 1189 4290 moralis
1230 4200 1414 4292 habenda
1448 4205 1516 4306 fit,
1555 4205 1717 4324 hacque

558 4319 772 4418 oceasmoe
826 4315 991 4407 illorum
1031 4341 1189 4404 errores
1235 4317 1405 4406 morales
1447 4295 1716 4426 recenllentur.

504 4465 508 4526 ι
558 4437 634 4530 ad
650 4438 809 4550 capita,
842 4437 925 4522 iam
970 4454 1227 4542 enumerata,
1275 4431 1360 4520 duo
1403 4433 1494 4523 alia:
1522 4429 1716 4550 quaicum

504 4565 507 4656 l
557 4581 608 4644 oc
631 4551 842 4641 decimum
875 4546 928 4634 de
968 4572 1117 4666 patrum
1139 4549 1294 4655 ¹ecclesia
1330 4547 1514 4636 erroribus
1548 4552 1659 4638 thaolo
1685 4560 1717 4636 i-

504 4662 508 4800 ᾗ
559 4673 636 4782 tit,
655 4671 824 4785 maxime·
845 4661 1085 4788 dogmaticae
1113 4664 1311 4780 quintum
1340 4689 1387 4754 ao
1411 4662 1632 4801 decimum·
1649 4583 1719 4756 he-

503 4879 511 5085 ι
1589 4807 1720 4898 mque

503 5137 513 5228 l
