4650 5842
637 759 712 838 496
738 737 1079 833 curvarentur
1106 759 1280 878 aaaron
1300 763 1466 845 accita.
1492 779 1772 858 annotarunt

638 871 1787 912 Q

559 995 563 1010 .
666 946 735 1024 ‚tit
755 947 977 1029 manetque,
999 956 1072 1025 quat
1091 932 1222 1004 illarum
1241 934 1441 1021 commodat
1464 935 1589 1005 horum
1614 957 1726 1005 autem
1749 937 1793 1003 in·

688 1037 869 1115 commoda
890 1035 963 1106 smr.
1015 1035 1280 1132 Quum-itanon
1304 1059 1343 1106 ex
1359 1034 1528 1113 institutor
1553 1033 1607 1106 sed
1622 1035 1697 1105 data
1726 1029 1793 1106 t'atr-
1818 1103 1820 1121 ,

685 1165 758 1219 tum
786 1134 958 1212 occafione
980 1131 1136 1205 doetrinae
1155 1134 1276 1210 morali
1293 1134 1400 1207 lucem
1414 1136 1549 1219 adtulit,
1570 1135 1712 1205 dimitto
1731 1133 1791 1232 ser·
1818 1161 1820 1232 p

638 1287 644 1308 .
684 1265 791 1318 mones
821 1238 891 1308 ‘bne
921 1260 960 1306 at
988 1235 1030 1306 de
1055 1234 1181 1330 epistolis
1204 1259 1381 1318 memoro,
1412 1240 1447 1308 in
1474 1236 1536 1307 illie
1564 1240 1729 1332 praecipue
1757 1260 1790 1306 ea

639 1387 644 1398 ·
689 1345 805 1441 scripta
826 1334 909 1422 elle,
926 1339 1005 1433 ‘quat
1029 1336 1074 1406 ad
1095 1334 1298 1432 disciplinam
1323 1337 1565 1409 ecclesrasticam
1586 1342 1742 1433 ritusque
1757 1360 1790 1405 ar

687 1443 893 1522 ceremoniae
908 1442 1081 1535 pertinent.
1130 1442 1183 1510 De
1201 1437 1357 1520 omnibus
1384 1460 1496 1508 tamen
1519 1438 1585 1507 hoc
1617 1442 1729 1520 minus
1749 1437 1789 1506 di·

641 1589 646 1598 ·
684 1546 829 1622 tendum
852 1540 908 1611 est.
958 1543 997 1609 ln
1016 1536 1159 1631 epistola5
1183 1536 1248 1610 fine
1271 1537 1383 1609 libello
1410 1541 1452 1608 ad
1473 1542 1711 1609 'Demetriadem
1732 1543 1790 1609 vir·

681 1655 813 1750 pluam,
836 1642 1012 1738 exponitur
1040 1637 1080 1710 de
1102 1639 1276 1710 bumilitate
1301 1637 1490 1735 ernstiana,-
1513 1640 1553 1712 de
1570 1641 1709 1710 tutiore
1737 1665 1790 1709 au·

563 1749 566 1756 “
644 1785 649 1792 ·
690 1769 759 1822 teur
782 1740 1067 1842 eiuafldirpntatut.
1119 1746 1221 1826 Sunt„
1245 1744 1303 1837 qui
1325 1738 1416 1812 illam
1441 1764 1649 1813 aroer-erto
1665 1745 1790 1840 Aquita·

553 1866 556 1875 '
631 1918 634 1924 ,
688 1857 759 1922 nico
782 1846 942 1917 tribuunt.
1015 1844 1192 1936 Repugnat
1224 1863 1478 1914 attentaret
1503 1865 1789 1935 Quantulas,

641 1993 646 2000 -
687 1954 746 2049 qui
769 1956 919 2030 eantare
952 1953 1048 2032 'opera
1077 1940 1198 2023 edidit,
1221 1965 1261 2012 ac
1289 1940 1442 2037 lingulati
1454 1939 1663 2040 dr'fflrtatione
1676 1943 1698 1987 *
1720 1967 1790 2040 pro·

591 2051 594 2058 ’
643 2089 646 2094 ·
689 2053 768 2124 bare
783 2046 964 2125 adnititur,
986 2042 1156 2136 epistolant
1184 2040 1273 2138 hanc¹
1295 2046 1475 2114 omninoa
1499 2048 1608 2114 Leone
1631 2067 1791 2114 exaratam

640 2181 648 2196 r
685 2146 792 2228 fuiffe.
843 2151 891 2217 Ita
909 2148 976 2215 Leo
997 2143 1057 2214 bic
1079 2167 1150 2213 non
1174 2151 1334 2238 magnum
1351 2142 1464 2214 locum
1482 2148 1711 2242 interpatree,
1736 2147 1788 2240 qui

642 2273 651 2296 ⁵
688 2250 863 2344 theologie
880 2241 999 2317 morali
1024 2242 1218 2314 illustranda
1233 2267 1370 2342 operam
1391 2243 1571 2331 dederunt,
1595 2244 1656 2317 ubi
1679 2244 1768 2316 fecit.

600 2395 605 2403 .
640 2369 650 2406 ·.
713 2389 718 2402 ·
750 2355 959 2425 aasabim
983 2349 1089 2441 magni
1121 2344 1195 2415 libri
1221 2343 1503 2427 mo'ralium3s1u'e
1530 2348 1726 2443 expofitioin
1745 2349 1789 2414 lo·
1821 2369 1822 2380 ¹

595 2447 598 2452 ’
644 2493 649 2520 ς
681 2452 778 2537 lum,
801 2473 873 2547 quae
895 2469 967 2518 non
986 2447 1290 2540 interpretationem
1306 2444 1381 2517 libri
1391 2445 1464 2515 lobi
1481 2447 1723 2542 complectitur,
1744 2449 1786 2517 vti

531 2569 537 2581 “
599 2625 602 2632 .
639 2563 648 2596 ³
684 2556 853 2649 inscriptio
877 2552 946 2618 eiua
968 2547 1114 2618 indicare
1132 2543 1284 2625 videturt
1308 2546 1362 2618 sed
1393 2551 1636 2644 promtuarium
1666 2569 1786 2618 tantum

558 2647 567 2672 ⁸
655 2689 669 2700 ·⁴
684 2680 795 2732 terum
814 2649 1005 2724 moralium.
1078 2651 1198 2742 Operis
1226 2648 1323 2717 huius
1351 2649 1528 2718 tulloritae
1557 2647 1642 2719 olim
1675 2670 1785 2742 magna

639 2789 651 2841 ς
683 2758 750 2832 fuit
768 2774 908 2849 eamque
926 2746 1047 2820 fabulis
1067 2770 1106 2817 ac
1119 2740 1317 2819 commentis
1344 2752 1504 2819 maiorem
1528 2744 1692 2834 reddere,'
1705 2773 1782 2818 non·

684 2857 768 2938 nulli
792 2856 903 2925 conati
933 2848 1026 2927 luntt
1054 2852 1162 2919 minus
1189 2869 1301 2920 autem
1326 2853 1415 2921 viam
1437 2849 1479 2918 ad
1499 2873 1611 2929 veram
1638 2858 1781 2947 pietaten

641 2971 665 3018 ἰ
684 2956 826 3032 ostendit
840 2953 1024 3048 Gregorius¹
1046 2969 1079 3020 et
1102 2973 1208 3045 quum
1231 2973 1325 3020 curas
1349 2953 1636 3047 cogitationesque
1652 2954 1780 3022 maxime

684 3060 728 3132 ad
753 3061 832 3130 titur
853 3053 1109 3123 accetemonias
1125 3049 1300 3120 seruandae
1319 3074 1358 3121 ac
1381 3050 1646 3147 multiplicandae
1674 3053 1779 3121 corrru-

682 3162 741 3243 lit‚
765 3154 942 3227 dicendum
976 3150 1118 3220 omnino
1145 3151 1207 3233 eli,
1229 3154 1430 3245 Gregorium
1452 3152 1541 3222 hunc
1570 3153 1779 3222 santlimonir

579 3309 585 3318 -
682 3260 795 3335 studiis
813 3260 916 3349 magis
934 3247 1103 3333 nocuille3
1127 3276 1228 3347 quanr
1244 3248 1412 3347 profuisse.
1463 3254 1552 3323 ldem
1569 3257 1779 3348 pronuntian-

682 3364 765 3435 dum
784 3359 828 3429 est
853 3356 893 3427 de
923 3353 1054 3447 reliquis
1076 3357 1145 3422 eius
1171 3350 1315 3447 scriptis:
1345 3354 1385 3423 de
1406 3351 1486 3424 libro
1512 3354 1674 3449 pastoralis
1711 3376 1778 3423 cura

586 3469 611 3556 ’ᾗ
682 3462 725 3535 ad
746 3468 928 3538 loannem,
947 3461 1112 3524 Rauennae
1129 3451 1343 3549 episcopum:
1367 3455 1408 3525 de
1425 3454 1513 3526 libris
1534 3458 1734 3553 dialogorum,
1750 3457 1779 3523 de

657 3570 751 3637 ‚nita
777 3580 807 3631 ct
824 3557 982 3629 miraculis
998 3572 1128 3645 patrum
1151 3555 1329 3624 italicorum
1349 3573 1382 3624 ct
1417 3562 1455 3627 cle
1476 3563 1653 3627 ‘eternitate
1669 3563 1779 3626 anima-

677 3686 772 3746 rum,¹
795 3662 836 3732 de
852 3682 995 3756 quorum
1015 3654 1079 3725 fide
1098 3676 1209 3726 autent
1233 3656 1416 3751 disputatur
1433 3659 1554 3753 aliique
1575 3663 1718 3730 maxime
1740 3662 1779 3741 in,

679 3789 730 3840 ter
753 3762 951 3837 reformatos
975 3779 1117 3849 negant,
1140 3761 1340 3851 Gregorium
1365 3783 1524 3853 magnum
1546 3760 1669 3829 horum
1687 3759 1781 3829 *atala

673 3890 789 3968 gerum
812 3864 981 3934 auctorem
1001 3856 1063 3929 elle
1077 3878 1177 3953 arque
1199 3881 1393 3951 argumenta
1413 3861 1585 3944 adierunt,
1610 3886 1682 3956 qua
1720 3858 1782 3929 sen·

681 3972 819 4041 tentiam
845 3986 961 4033 eorum
977 3957 1183 4055 probabilem
1203 3959 1362 4039 redduntt
1390 3961 1443 4031 alii
1464 3983 1573 4032 autem
1595 3967 1686 4058 iique
1703 3987 1781 4057 porr·

680 4069 772 4141 tificii
786 4064 887 4152 libros
908 4064 1122 4134 monimentis
1141 4064 1314 4153 Gregorii,
1343 4083 1377 4132 vt
1392 4086 1569 4154 germanos
1589 4067 1715 4156 ingenii
1737 4060 1783 4131 fe·

680 4192 753 4252 tus,
780 4167 1010 4237 adnumerant.
1062 4159 1194 4230 Exstant
1208 4166 1307 4231 etiarn
1325 4166 1472 4234 eiusdem
1495 4162 1569 4232 libri
1585 4164 1781 4258 epistolarum

677 4274 714 4345 in
735 4268 852 4368 quibus
871 4264 986 4335 itidem
1015 4285 1065 4334 ret
1088 4260 1230 4334 morales
1250 4260 1431 4341 habenturt
1461 4263 1572 4334 multa
1594 4290 1707 4335 autem
1736 4290 1783 4334 ea·

652 4396 750 4445 runt
773 4366 847 4439 sunt
861 4365 1061 4438 adulterinae.
1110 4368 1149 4432 ln
1167 4366 1280 4457 primis
1308 4364 1542 4434 memorandus
1570 4366 1614 4435 est
1644 4366 1728 4437 liber
1749 4367 1783 4435 de

669 4468 903 4569 'constitutione
921 4470 1082 4536 virtutum
1105 4480 1139 4533 et
1152 4468 1328 4547 vitiorum,
1354 4470 1411 4562 qui
1428 4466 1469 4536 ab
1490 4465 1560 4537 aliie
1578 4468 1782 4562 Augustino:

1272 4613 1276 4630 ·
1746 4568 1783 4638 ab

517 4855 520 4862 -
666 4809 686 4854 ⁸¹
708 4825 772 4887 qna
787 4795 951 4887 est'qutrta
968 4800 1045 4861 inter
1069 4797 1195 4877 reliquas
1222 4790 1444 4875 differtatioaes,
1464 4815 1480 4859 a
1511 4816 1737 4880 Qtttrtaato
1756 4798 1783 4859 in

688 4908 796 4962 mutan
813 4907 852 4955 tt.
879 4886 978 4967 braia
997 4882 1157 4964 tramittas,
1171 4899 1201 4968 p.
1210 4892 1284 4946 221.

684 5169 695 5206 l
