4650 5842
533 799 544 824 ⁸
583 797 658 890 563
719 795 917 904 -.edm
938 799 1017 864 xv.
1042 800 1296 867 ou-trrrvsr
1323 808 1547 867 rrcsrsrru

593 975 604 1062 ἰ
630 977 760 1068 rumque
772 967 870 1062 ¹libris
890 979 985 1042 certis
1004 993 1040 1044 at
1120 969 1505 1068 nudmnbusrestimtis
1526 969 1730 1066 dermnflrata

631 1085 663 1138 cr
677 1075 783 1156 initu.
796 1073 1006 1167 miculosdr'ss'
1028 1081 1035 1095 “
1088 1097 1118 1157 a,
1129 1075 1280 1170 Lugduni
1296 1077 1491 1144 Batauomm
1502 1083 1727 1152 Mocxxlv.8.

614 1165 726 1260 ¹Liber
751 1169 805 1242 hie
829 1179 1047 1244 memoriane
1072 1175 1212 1246 lediione
1238 1178 1379 1244 maxime
1412 1171 1530 1266 dignus
1553 1170 1609 1240 est.
1660 1169 1726 1239 Ad-

587 1343 594 1356 ⁸
627 1263 721 1352 ,bibet
734 1271 847 1341 audior
865 1277 995 1366 propria
1008 1273 1261 1368 poniificiornm
1279 1295 1370 1342 arma
1386 1270 1535 1342 aduersus
1548 1282 1726 1339 eorumer·

595 1435 599 1442 .
631 1389 722 1458 rores
738 1367 778 1440 de
794 1371 968 1442 traditione
981 1372 1085 1469 deque
1096 1373 1231 1444 ecclesia
1247 1370 1409 1468 patribus..
1451 1375 1538 1440 lnier
1552 1368 1614 1438 alia
1623 1368 1727 1437 ollen·

594 1543 597 1548 ,
631 1465 690 1552 dit,
703 1469 888 1562 pontificios
899 1496 954 1542 eos
965 1493 1069 1566 patres
1080 1473 1197 1544 habere
1205 1496 1297 1543 veros
1307 1491 1422 1566 patres.
1439 1469 1574 1565 quando
1584 1468 1645 1537 illis
1659 1466 1726 1561 pla·

630 1574 744 1651 ee’aii't'}
761 1577 868 1640 minus
884 1571 1039 1655 autrnr‚fi
1056 1571 1266 1666 displiceant;
1284 1593 1344 1640 ner
1360 1568 1548 1664 po'nrificios
1563 1566 1727 1637 attendere

634 1671 724 1762 laepe,
737 1670 816 1764 quid
837 1669 893 1765 ipsr
910 1691 1015 1765 patres
1035 1671 1206 1750 senserintr
1232 1669 1283 1742 sed
1300 1667 1378 1765 qnid
1395 1667 1572 1740 seeundum
1591 1665 1725 1744 ecclufiae
1753 1740 1756 1746 ,

632 1790 776 1838 romana
789 1768 886 1839 fidem
903 1771 1017 1841 sentire
1028 1771 1216 1848 debuerint:
1242 1773 1372 1839 reiicere
1389 1789 1519 1862 patrum
1534 1766 1726 1848 testimonia,

633 1889 707 1960 quae
719 1867 791 1960 ipsis
820 1875 984 1939 contraria
1007 1869 1193 1950 videantur,
1217 1887 1387 1963 tamquam
1412 1871 1447 1936 in
1466 1865 1556 1936 libris
1574 1863 1726 1935 adulteri·

636 1967 686 2032 nis
710 1956 845 2059 stripr'u's
866 1966 918 2038 vel
941 1959 1082 2052 adfini,
1108 1991 1155 2038 ex¹
1169 1992 1227 2038 ora
1253 1966 1326 2037 libri
1344 1971 1380 2036 in
1405 1985 1598 2037 contextum
1624 1987 1724 2034 trans·

526 2077 530 2082 ·
631 2060 718 2146 lara,
743 2067 778 2134 in
799 2065 994 2161 quibusdam
1020 2066 1174 2161 exemplis
1196 2091 1268 2136 non
1286 2066 1503 2148 inuenienda,
1528 2063 1571 2133 ab
1603 2065 1725 2148 haereri-

634 2165 685 2229 ois-
703 2162 877 2258 deprauata
888 2191 904 2243 5-
917 2165 969 2236 vel
994 2187 1102 2261 patres
1133 2167 1176 2236 fic
1210 2163 1271 2238 elle
1298 2165 1455 2259 loquutus
1485 2188 1558 2234 uon
1585 2163 1724 2257 proprie,

632 2258 803 2354 adcurate,
827 2288 921 2336 ruore
937 2286 1135 2338 oratorum:
1157 2287 1274 2335 notare
1299 2267 1496 2358 praetera·,in
1519 2262 1645 2357 scriptis
1669 2285 1724 2356 pa·¹
1749 2267 1752 2274 '

635 2379 721 2431 rrum
743 2361 932 2457 pontificios
948 2370 1057 2436 varior
1079 2387 1227 2445 errores,
1250 2361 1428 2444 falsitates
1451 2361 1641 2454 mendacia,
1667 2362 1724 2446 ¹¹2,-

635 2457 735 2538 refers
760 2463 846 2554 iplos
872 2483 980 2534 autern
996 2485 1101 2559 patres
1128 2461 1312 2534 inlimulrre
1335 2465 1556 2555 repugnantia
1578 2485 1616 2530 ac
1637 2482 1721 2556 'con-

637 2559 855 2643 tradidionim
887 2583 1074 2635 mutuarum
1088 2559 1359 2658 'dillenlionums
1374 2559 1586 2653 dubitantia,
1610 2561 1721 2646 incon7

632 2656 752 2728 stantis:
769 2683 865 2756 atque
892 2665 1068 2755 imperitia.
1139 2661 1214 2732 Alia
1234 2663 1380 2753 adiungit
1413 2660 1527 2729 audior
1558 2681 1657 2754 atque
1686 2681 1721 2727 ex

637 2757 724 2852 illis,
749 2759 789 2829 de
811 2785 876 2856 qua
905 2757 1044 2845 differit,
1067 2759 1201 2834 ecclesrae
1232 2781 1375 2830 romanae
1408 2762 1624 2828 reuerentiam
1648 2780 1719 2850 erga

633 2878 740 2952 patres
755 2855 922 2930 subdolam
941 2861 1053 2932 itidem
1077 2857 1218 2954 probat,
1235 2857 1420 2955 pontificios
1438 2857 1515 2953 sape
1540 2862 1717 2928 irreueren·

633 2975 703 3038 ter,
729 2958 879 3052 iniuriose
909 2983 947 3029 ac
984 2962 1177 3030 contemtim
1205 2958 1245 3028 de
1269 2956 1412 3053 patribus
1444 2956 1555 3050 loqui:
1571 2979 1643 3052 eos
1665 2961 1719 3059 im·

632 3059 731 3150 piu,
762 3058 921 3140 audaces„
963 3062 1176 3141 temerarios,
1210 3059 1376 3127 hereticos
1413 3074 1450 3125 er
1499 3055 1717 3126 schismaticos

633 3178 771 3240 vocare,
792 3155 853 3228 sese
868 3157 1005 3256 suosque
1029 3155 1197 3254 scriptores
1220 3155 1284 3226 illis'
1303 3178 1512 3250 comparare,
1541 3157 1717 3249 adaequare,

587 3281 592 3290 ·
632 3253 781 3348 praeferre
806 3280 843 3324 ac
856 3255 969 3337 nolle,
993 3278 1027 3325 vt
1043 3257 1090 3328 illi
1119 3256 1268 3326 dicantur
1282 3277 1386 3351 patres
1402 3275 1498 3348 atque
1519 3255 1716 3330 orthodoxis

586 3423 590 3430 ,
631 3355 710 3422 item
729 3353 860 3426 eosdem
873 3355 1061 3452 pontificios
1082 3378 1211 3452 patrum
1226 3354 1340 3448 scripta
1368 3378 1407 3438 ac
1429 3353 1528 3424 libros
1550 3347 1715 3435 damnare,

632 3453 823 3546 prohibere,
847 3451 997 3538 castrarej
1024 3461 1146 3526 variare
1168 3476 1200 3526 et
1222 3478 1414 3550 expurgares
1432 3475 1537 3548 neque
1560 3457 1600 3521 in·
1616 3443 1715 3523 libros

629 3554 732 3621 modo
755 3575 901 3648 patrum3
937 3553 990 3624 sed
1018 3575 1050 3626 et
1068 3560 1105 3626 in
1133 3553 1217 3649 ipsos
1238 3577 1369 3648 quoque
1399 3573 1504 3646 patres
1537 3556 1587 3622 i'us
1624 3547 1715 3646 arque

631 3652 797 3723 arbitrium
815 3653 870 3723 fibi
891 3677 1058 3748 arrogare:
1083 3675 1188 3750 patres
1206 3651 1290 3748 ipsos
1309 3674 1343 3722 vt
1363 3649 1531 3722 haerencos‘
1553 3651 1711 3721 condem·

630 3775 728 3834 nare,
754 3775 827 3822 cum
853 3759 993 3849 antiquis
1020 3757 1180 3824 damnatis
1206 3754 1360 3822 haereticis
1385 3749 1555 3821 exsertari:
1579 3775 1598 3818 a
1624 3773 1714 3821 com·

629 3858 786 3922 mnnione
804 3877 878 3922 cum
911 3851 1038 3924 ecclelia
1067 3851 1226 3924 catholica
1251 3850 1434 3922 excludere:
1461 3854 1663 3945 quinimmo
1679 3855 1713 3920 in

626 3949 695 4043 ipso
719 3977 850 4047 quoque
870 3947 1000 4023 inferno
1028 3975 1059 4023 et
1082 3953 1328 4047 gehennarum
1358 3952 1517 4020 damnatis
1540 3955 1654 4045 impiis
1682 3969 1713 4020 et

627 4049 763 4140 diabolis
785 4053 956 4138 collocare,
1009 4051 1131 4124 Omnia
1156 4053 1223 4122 h'aec
1239 4076 1308 4121 non
1337 4050 1439 4121 solum
1464 4049 1636 4136 dicuntur3
1661 4049 1713 4120 sed

628 4154 725 4221 etiam
745 4153 895 4223 adcurate
910 4143 1089 4245 probantur
1109 4151 1378 4248 p'e'rt'tdimonia,
1400 4160 1469 4245 quae
1486 4176 1524 4219 ex
1540 4150 1612 4246 ipfis
1630 4167 1713 4245 pont

627 4251 802 4322 tificiorum
818 4251 905 4328 libris
921 4253 1023 4325 sumta
1037 4255 1108 4326 sunt
1124 4255 1222 4350 atque
1243 4255 1376 4321 omnem
1397 4250 1493 4319 fidem
1514 4276 1576 4344 prae
1595 4249 1625 4320 se
1656 4251 1715 4319 ha·

625 4348 712 4424 benr.
761 4349 896 4424 Acce'lfir
927 4357 1068 4425 eiusdem
1090 4347 1245 4423 audioris:
1267 4349 1368 4421 brriris
1390 4350 1544 4419 nolimu
1573 4354 1610 4419 de
1634 4343 1711 4420 vira

520 4511 523 4517 .
579 4439 583 4446 ’
625 4474 662 4517 rc
683 4451 840 4546 legitima,
866 4461 930 4552 qud
950 4447 1045 4550 jicra
1058 4451 1219 4550 scripture
1235 4470 1266 4521 et
1285 4476 1348 4550 qun
1364 4450 1479 4546 sterilis
1500 4447 1642 4540 parribus
1656 4461 1713 4518 'at-

623 4549 816 4646 putridorum
841 4549 968 4647 scriptis
993 4551 1140 4636 debetur,
1160 4551 1365 4634 mediorum,
1386 4555 1514 4631 bonore,
1528 4554 1715 4630 merentia,

622 4673 663 4716 rx
693 4649 824 4748 ipsorum
851 4673 978 4745 patrum
1009 4654 1099 4725 uillis
1139 4645 1336 4723 connutritus
1357 4637 1520 4748 solidisque
1542 4644 1715 4736 rationibus

576 4767 594 4800 ²-
619 4747 829 4841 comprobatus
858 4760 1000 4853 usquein
1022 4773 1097 4828 xxi·-
1115 4752 1335 4849 propoftrr'onr's
1358 4749 1529 4845 distindius,
1551 4753 1716 4919 conaccia-

1024 4883 1029 4896 ·
1661 4868 1718 4919 W

517 1058 528 1090 1
