<?xml version="1.0" encoding="UTF-8"?>
<!DOCTYPE html PUBLIC "-//W3C//DTD XHTML 1.0 Transitional//EN"
    "http://www.w3.org/TR/xhtml1/DTD/xhtml1-transitional.dtd">
<html xmlns="http://www.w3.org/1999/xhtml" xml:lang="en" lang="en">
 <head>
  <title>
</title>
<meta http-equiv="Content-Type" content="text/html;charset=utf-8" />
  <meta name='ocr-system' content='tesseract 3.04.00' />
  <meta name='ocr-capabilities' content='ocr_page ocr_carea ocr_par ocr_line ocrx_word'/>
</head>
<body>
  <div class='ocr_page' id='page_1' title='image "./iogeorgiiwalchi03walcgoog_0261.png"; bbox 0 0 4650 5842; ppageno 0'>
   <div class='ocr_carea' id='block_1_1' title="bbox 581 737 1751 908">
    <p class='ocr_par' dir='ltr' id='par_1_1' title="bbox 581 737 1751 908">
     <span class='ocr_line' id='line_1_1' title="bbox 581 737 1751 908; baseline -0.003 -18"><span class='ocrx_word' id='word_1_1' title='bbox 581 769 640 826; x_wconf 64' lang='lat'><strong>²</strong></span> <span class='ocrx_word' id='word_1_2' title='bbox 989 789 1335 890; x_wconf 68' lang='lat' dir='ltr'><strong>eurotas</strong></span> <span class='ocrx_word' id='word_1_3' title='bbox 1444 737 1497 810; x_wconf 80' lang='grc'><strong>·’</strong></span> <span class='ocrx_word' id='word_1_4' title='bbox 1664 789 1751 908; x_wconf 67' lang='lat'>2³25-</span> 
     </span>
    </p>
   </div>
   <div class='ocr_carea' id='block_1_2' title="bbox 995 1003 1410 1102">
    <p class='ocr_par' dir='ltr' id='par_1_2' title="bbox 995 1003 1410 1102">
     <span class='ocr_line' id='line_1_2' title="bbox 995 1003 1410 1102; baseline -0.012 0"><span class='ocrx_word' id='word_1_5' title='bbox 995 1039 1236 1102; x_wconf 77' lang='lat' dir='ltr'><strong>onovn</strong></span> <span class='ocrx_word' id='word_1_6' title='bbox 1290 1007 1346 1098; x_wconf 52' lang='lat' dir='ltr'>W</span> <span class='ocrx_word' id='word_1_7' title='bbox 1402 1003 1410 1020; x_wconf 82' lang='lat'><strong><em>‘</em></strong></span> 
     </span>
    </p>
   </div>
   <div class='ocr_carea' id='block_1_3' title="bbox 573 1135 1738 1333">
    <p class='ocr_par' dir='ltr' id='par_1_3' title="bbox 573 1135 1738 1333">
     <span class='ocr_line' id='line_1_3' title="bbox 573 1135 1738 1241; baseline -0.005 -19"><span class='ocrx_word' id='word_1_8' title='bbox 573 1139 658 1222; x_wconf 83' lang='lat' dir='ltr'><strong>DE</strong></span> <span class='ocrx_word' id='word_1_9' title='bbox 709 1140 992 1222; x_wconf 77' lang='lat' dir='ltr'>SCRIPTIS</span> <span class='ocrx_word' id='word_1_10' title='bbox 1040 1144 1309 1240; x_wconf 79' lang='lat' dir='ltr'>PATRVM</span> <span class='ocrx_word' id='word_1_11' title='bbox 1367 1135 1738 1241; x_wconf 79' lang='lat' dir='ltr'>ECCLESIAE,</span> 
     </span>
     <span class='ocr_line' id='line_1_4' title="bbox 640 1255 1676 1333; baseline 0.002 -7"><span class='ocrx_word' id='word_1_12' title='bbox 640 1255 705 1326; x_wconf 75' lang='grc' dir='ltr'><strong>ΙΝ</strong></span> <span class='ocrx_word' id='word_1_13' title='bbox 742 1258 982 1330; x_wconf 76' lang='lat' dir='ltr'><strong>mnevns</strong></span> <span class='ocrx_word' id='word_1_14' title='bbox 1012 1261 1326 1333; x_wconf 76' lang='lat' dir='ltr'><strong>evnornens</strong></span> <span class='ocrx_word' id='word_1_15' title='bbox 1361 1258 1676 1329; x_wconf 69' lang='lat' dir='ltr'><strong>conversio</strong></span> 
     </span>
    </p>
   </div>
   <div class='ocr_carea' id='block_1_4' title="bbox 580 1535 1736 2113">
    <p class='ocr_par' dir='ltr' id='par_1_4' title="bbox 580 1535 1736 2113">
     <span class='ocr_line' id='line_1_5' title="bbox 973 1535 1305 1648; baseline 0 -38"><span class='ocrx_word' id='word_1_16' title='bbox 973 1535 1305 1648; x_wconf 53' lang='lat' dir='ltr'><strong>{anonim</strong></span> 
     </span>
     <span class='ocr_line' id='line_1_6' title="bbox 580 1693 1736 1783; baseline 0 -21"><span class='ocrx_word' id='word_1_17' title='bbox 580 1693 998 1783; x_wconf 64' lang='lat' dir='ltr'><strong>&#39;dgitnrde&#39;pmramscrr‘prr&#39;n</strong></span> <span class='ocrx_word' id='word_1_18' title='bbox 1017 1700 1050 1759; x_wconf 77' lang='lat' dir='ltr'><strong>rit</strong></span> <span class='ocrx_word' id='word_1_19' title='bbox 1073 1697 1142 1762; x_wconf 76' lang='lat' dir='ltr'><strong>alias</strong></span> <span class='ocrx_word' id='word_1_20' title='bbox 1179 1696 1250 1760; x_wconf 71' lang='lat' dir='ltr'><strong>Tu</strong></span> <span class='ocrx_word' id='word_1_21' title='bbox 1264 1697 1472 1774; x_wconf 70' lang='lat' dir='ltr'><strong>nominibus,</strong></span> <span class='ocrx_word' id='word_1_22' title='bbox 1490 1703 1736 1783; x_wconf 65' lang='lat' dir='ltr'><strong>quipamnos</strong></span> 
     </span>
     <span class='ocr_line' id='line_1_7' title="bbox 595 1780 1736 1866; baseline 0.004 -26"><span class='ocrx_word' id='word_1_23' title='bbox 595 1805 600 1814; x_wconf 94' lang='lat'>·</span> <span class='ocrx_word' id='word_1_24' title='bbox 619 1781 726 1864; x_wconf 57' lang='lat' dir='ltr'><strong>ligna</strong></span> <span class='ocrx_word' id='word_1_25' title='bbox 740 1780 898 1855; x_wconf 69' lang='lat' dir='ltr'><strong>nauum,</strong></span> <span class='ocrx_word' id='word_1_26' title='bbox 913 1785 1064 1862; x_wconf 71' lang='lat' dir='ltr'><strong>generarit·</strong></span> <span class='ocrx_word' id='word_1_27' title='bbox 1073 1782 1141 1864; x_wconf 69' lang='lat' dir='ltr'><strong>§.n</strong></span> <span class='ocrx_word' id='word_1_28' title='bbox 1216 1786 1334 1844; x_wconf 70' lang='lat' dir='ltr'><strong>atium</strong></span> <span class='ocrx_word' id='word_1_29' title='bbox 1357 1802 1550 1846; x_wconf 73' lang='lat' dir='ltr'><strong>mmmmm</strong></span> <span class='ocrx_word' id='word_1_30' title='bbox 1570 1790 1600 1846; x_wconf 80' lang='lat' dir='ltr'><strong>iu</strong></span> <span class='ocrx_word' id='word_1_31' title='bbox 1613 1783 1736 1866; x_wconf 74' lang='lat' dir='ltr'><strong>unguas</strong></span> 
     </span>
     <span class='ocr_line' id='line_1_8' title="bbox 581 1861 1731 1951; baseline -0.002 -23"><span class='ocrx_word' id='word_1_32' title='bbox 581 1861 860 1946; x_wconf 51' lang='lat' dir='ltr'><strong>monendomum</strong></span> <span class='ocrx_word' id='word_1_33' title='bbox 870 1866 1062 1945; x_wconf 63' lang='lat' dir='ltr'><strong>interpretetus</strong></span> <span class='ocrx_word' id='word_1_34' title='bbox 1079 1885 1141 1928; x_wconf 73' lang='lat' dir='ltr'><strong>em</strong></span> <span class='ocrx_word' id='word_1_35' title='bbox 1214 1865 1393 1942; x_wconf 59' lang='lat' dir='ltr'><strong>dispositam</strong></span> <span class='ocrx_word' id='word_1_36' title='bbox 1422 1865 1569 1950; x_wconf 65' lang='lat' dir='ltr'><strong>anglicas,</strong></span> <span class='ocrx_word' id='word_1_37' title='bbox 1597 1867 1731 1951; x_wconf 76' lang='lat' dir='ltr'><strong>galliam,</strong></span> 
     </span>
     <span class='ocr_line' id='line_1_9' title="bbox 597 1945 1734 2113; baseline -0.002 -19"><span class='ocrx_word' id='word_1_38' title='bbox 597 1946 975 2112; x_wconf 52' lang='lat' dir='ltr'><strong>auram*</strong></span> <span class='ocrx_word' id='word_1_39' title='bbox 994 1945 1140 2028; x_wconf 58' lang='lat' dir='ltr'><strong>&#39;‘tt“</strong></span> <span class='ocrx_word' id='word_1_40' title='bbox 1212 1947 1734 2113; x_wconf 56' lang='lat' dir='ltr'><strong>unnpfggooa·</strong></span> 
     </span>
    </p>
   </div>
   <div class='ocr_carea' id='block_1_5' title="bbox 591 2195 792 2220">
    <p class='ocr_par' dir='ltr' id='par_1_5' title="bbox 591 2195 792 2220">
     <span class='ocr_line' id='line_1_10' title="bbox 591 2195 792 2220; baseline -0.005 0"><span class='ocrx_word' id='word_1_41' title='bbox 591 2195 792 2220; x_wconf 44' lang='lat' dir='ltr'><strong>*nu-n—</strong></span> 
     </span>
    </p>
   </div>
   <div class='ocr_carea' id='block_1_6' title="bbox 566 2311 1772 3408">
    <p class='ocr_par' dir='ltr' id='par_1_6' title="bbox 566 2311 1772 3408">
     <span class='ocr_line' id='line_1_11' title="bbox 586 2311 1729 2488; baseline -0.002 -95"><span class='ocrx_word' id='word_1_42' title='bbox 586 2313 744 2488; x_wconf 75' lang='lat' dir='ltr'><strong>Scripta</strong></span> <span class='ocrx_word' id='word_1_43' title='bbox 760 2339 905 2420; x_wconf 90' lang='lat' dir='ltr'><strong>patrum</strong></span> <span class='ocrx_word' id='word_1_44' title='bbox 933 2339 955 2396; x_wconf 86' lang='lat' dir='ltr'><strong>e</strong></span> <span class='ocrx_word' id='word_1_45' title='bbox 976 2314 1107 2394; x_wconf 90' lang='lat' dir='ltr'><strong>natiuo</strong></span> <span class='ocrx_word' id='word_1_46' title='bbox 1126 2311 1293 2394; x_wconf 85' lang='lat' dir='ltr'><strong>sermone</strong></span> <span class='ocrx_word' id='word_1_47' title='bbox 1308 2311 1377 2392; x_wconf 80' lang='lat' dir='ltr'><strong>l&#39;uo</strong></span> <span class='ocrx_word' id='word_1_48' title='bbox 1404 2313 1445 2391; x_wconf 94' lang='lat' dir='ltr'><strong>in</strong></span> <span class='ocrx_word' id='word_1_49' title='bbox 1469 2312 1558 2388; x_wconf 90' lang='lat' dir='ltr'><strong>alias</strong></span> <span class='ocrx_word' id='word_1_50' title='bbox 1579 2313 1729 2418; x_wconf 83' lang='lat' dir='ltr'><strong>linguas</strong></span> 
     </span>
     <span class='ocr_line' id='line_1_12' title="bbox 647 2411 1732 2518; baseline -0.004 -22"><span class='ocrx_word' id='word_1_51' title='bbox 647 2423 820 2518; x_wconf 83' lang='lat' dir='ltr'><strong>translata</strong></span> <span class='ocrx_word' id='word_1_52' title='bbox 852 2415 949 2504; x_wconf 79' lang='lat' dir='ltr'><strong>effe,</strong></span> <span class='ocrx_word' id='word_1_53' title='bbox 982 2417 1131 2494; x_wconf 80' lang='lat' dir='ltr'><strong>constat.</strong></span> <span class='ocrx_word' id='word_1_54' title='bbox 1178 2411 1299 2494; x_wconf 73' lang='lat' dir='ltr'><strong>Faetae</strong></span> <span class='ocrx_word' id='word_1_55' title='bbox 1332 2415 1417 2492; x_wconf 90' lang='lat' dir='ltr'><strong>sunt&#39;</strong></span> <span class='ocrx_word' id='word_1_56' title='bbox 1459 2415 1732 2514; x_wconf 86' lang='lat' dir='ltr'><strong>interpretatio·</strong></span> 
     </span>
     <span class='ocr_line' id='line_1_13' title="bbox 587 2515 1728 2620; baseline 0 -26"><span class='ocrx_word' id='word_1_57' title='bbox 587 2541 642 2598; x_wconf 89' lang='lat' dir='ltr'><strong>nes</strong></span> <span class='ocrx_word' id='word_1_58' title='bbox 670 2519 726 2596; x_wconf 83' lang='lat' dir='ltr'><strong>har</strong></span> <span class='ocrx_word' id='word_1_59' title='bbox 755 2544 802 2597; x_wconf 92' lang='lat' dir='ltr'><strong>eo</strong></span> <span class='ocrx_word' id='word_1_60' title='bbox 832 2517 1002 2620; x_wconf 86' lang='lat' dir='ltr'><strong>inprimis</strong></span> <span class='ocrx_word' id='word_1_61' title='bbox 1029 2515 1205 2604; x_wconf 80' lang='lat' dir='ltr'><strong>consilio,</strong></span> <span class='ocrx_word' id='word_1_62' title='bbox 1242 2536 1282 2594; x_wconf 90' lang='lat' dir='ltr'><strong>vt</strong></span> <span class='ocrx_word' id='word_1_63' title='bbox 1318 2517 1547 2592; x_wconf 88' lang='lat' dir='ltr'><strong>monimenta</strong></span> <span class='ocrx_word' id='word_1_64' title='bbox 1580 2515 1646 2592; x_wconf 89' lang='lat' dir='ltr'><strong>ista</strong></span> <span class='ocrx_word' id='word_1_65' title='bbox 1681 2517 1728 2595; x_wconf 92' lang='lat' dir='ltr'><strong>ab</strong></span> 
     </span>
     <span class='ocr_line' id='line_1_14' title="bbox 586 2615 1728 2722; baseline -0.007 -30"><span class='ocrx_word' id='word_1_66' title='bbox 586 2615 791 2700; x_wconf 88' lang='lat' dir='ltr'><strong>hominibus</strong></span> <span class='ocrx_word' id='word_1_67' title='bbox 810 2643 983 2722; x_wconf 80' lang='lat' dir='ltr'><strong>quoque,</strong></span> <span class='ocrx_word' id='word_1_68' title='bbox 1001 2619 1214 2709; x_wconf 90' lang='lat' dir='ltr'><strong>litterarum,</strong></span> <span class='ocrx_word' id='word_1_69' title='bbox 1227 2617 1386 2694; x_wconf 82' lang='lat' dir='ltr'><strong>maxime</strong></span> <span class='ocrx_word' id='word_1_70' title='bbox 1404 2616 1628 2718; x_wconf 90' lang='lat' dir='ltr'><strong>linguarum,</strong></span> <span class='ocrx_word' id='word_1_71' title='bbox 1643 2617 1728 2719; x_wconf 89' lang='lat' dir='ltr'><strong>qui.</strong></span> 
     </span>
     <span class='ocr_line' id='line_1_15' title="bbox 586 2715 1728 2822; baseline -0.003 -26"><span class='ocrx_word' id='word_1_72' title='bbox 586 2715 642 2814; x_wconf 70' lang='lat' dir='ltr'><strong>bus</strong></span> <span class='ocrx_word' id='word_1_73' title='bbox 661 2741 786 2822; x_wconf 87' lang='lat' dir='ltr'><strong>patres</strong></span> <span class='ocrx_word' id='word_1_74' title='bbox 809 2719 876 2820; x_wconf 85' lang='lat' dir='ltr'><strong>ipfi</strong></span> <span class='ocrx_word' id='word_1_75' title='bbox 889 2719 940 2797; x_wconf 85' lang='lat' dir='ltr'><strong>vfi</strong></span> <span class='ocrx_word' id='word_1_76' title='bbox 960 2718 1065 2810; x_wconf 90' lang='lat' dir='ltr'><strong>sunt,</strong></span> <span class='ocrx_word' id='word_1_77' title='bbox 1090 2715 1253 2821; x_wconf 88' lang='lat' dir='ltr'><strong>ignaris,</strong></span> <span class='ocrx_word' id='word_1_78' title='bbox 1281 2716 1441 2820; x_wconf 86' lang='lat' dir='ltr'><strong>intelligi</strong></span> <span class='ocrx_word' id='word_1_79' title='bbox 1460 2739 1571 2820; x_wconf 88' lang='lat' dir='ltr'><strong>atque</strong></span> <span class='ocrx_word' id='word_1_80' title='bbox 1588 2716 1634 2793; x_wconf 92' lang='lat' dir='ltr'><strong>ad</strong></span> <span class='ocrx_word' id='word_1_81' title='bbox 1645 2744 1728 2817; x_wconf 87' lang='lat' dir='ltr'><strong>pro·</strong></span> 
     </span>
     <span class='ocr_line' id='line_1_16' title="bbox 581 2815 1772 2996; baseline 0 -98"><span class='ocrx_word' id='word_1_82' title='bbox 581 2823 689 2996; x_wconf 75' lang='lat' dir='ltr'><strong>priam</strong></span> <span class='ocrx_word' id='word_1_83' title='bbox 711 2821 906 2900; x_wconf 76' lang='lat' dir='ltr'><strong>utilitatem</strong></span> <span class='ocrx_word' id='word_1_84' title='bbox 931 2819 1059 2899; x_wconf 89' lang='lat' dir='ltr'><strong>referri</strong></span> <span class='ocrx_word' id='word_1_85' title='bbox 1095 2837 1249 2920; x_wconf 86' lang='lat' dir='ltr'><strong>queant.</strong></span> <span class='ocrx_word' id='word_1_86' title='bbox 1328 2823 1385 2897; x_wconf 84' lang='lat' dir='ltr'><strong>Ac</strong></span> <span class='ocrx_word' id='word_1_87' title='bbox 1410 2837 1507 2894; x_wconf 89' lang='lat' dir='ltr'><strong>certe</strong></span> <span class='ocrx_word' id='word_1_88' title='bbox 1539 2815 1726 2898; x_wconf 81' lang='lat' dir='ltr'><strong>verliones</strong></span> <span class='ocrx_word' id='word_1_89' title='bbox 1768 2847 1772 2855; x_wconf 61' lang='lat'><strong>⁴</strong></span> 
     </span>
     <span class='ocr_line' id='line_1_17' title="bbox 600 2916 1725 3025; baseline -0.005 -25"><span class='ocrx_word' id='word_1_90' title='bbox 600 2947 637 3000; x_wconf 89' lang='lat' dir='ltr'><strong>as</strong></span> <span class='ocrx_word' id='word_1_91' title='bbox 656 2925 722 3002; x_wconf 89' lang='lat' dir='ltr'><strong>ille</strong></span> <span class='ocrx_word' id='word_1_92' title='bbox 747 2921 942 3025; x_wconf 84' lang='lat' dir='ltr'><strong>negligere</strong></span> <span class='ocrx_word' id='word_1_93' title='bbox 960 2919 1210 3016; x_wconf 71' lang='lat' dir='ltr'><strong>laudantur,</strong></span> <span class='ocrx_word' id='word_1_94' title='bbox 1237 2916 1300 2995; x_wconf 89' lang='lat' dir='ltr'><strong>cui</strong></span> <span class='ocrx_word' id='word_1_95' title='bbox 1320 2916 1542 3019; x_wconf 84' lang='lat' dir='ltr'><strong>proposrtum</strong></span> <span class='ocrx_word' id='word_1_96' title='bbox 1572 2919 1643 3013; x_wconf 63' lang='lat' dir='ltr'><strong>est„</strong></span> <span class='ocrx_word' id='word_1_97' title='bbox 1662 2918 1725 2994; x_wconf 78' lang='lat' dir='ltr'><strong>ad.</strong></span> 
     </span>
     <span class='ocr_line' id='line_1_18' title="bbox 578 3017 1725 3124; baseline -0.012 -22"><span class='ocrx_word' id='word_1_98' title='bbox 578 3025 737 3104; x_wconf 78' lang='lat' dir='ltr'><strong>curatius</strong></span> <span class='ocrx_word' id='word_1_99' title='bbox 759 3022 921 3100; x_wconf 87' lang='lat' dir='ltr'><strong>studium</strong></span> <span class='ocrx_word' id='word_1_100' title='bbox 941 3022 987 3099; x_wconf 92' lang='lat' dir='ltr'><strong>ad</strong></span> <span class='ocrx_word' id='word_1_101' title='bbox 1007 3041 1152 3124; x_wconf 89' lang='lat' dir='ltr'><strong>patrum</strong></span> <span class='ocrx_word' id='word_1_102' title='bbox 1174 3017 1361 3096; x_wconf 86' lang='lat' dir='ltr'><strong>historiam</strong></span> <span class='ocrx_word' id='word_1_103' title='bbox 1381 3018 1591 3097; x_wconf 86' lang='lat' dir='ltr'><strong>litterariam</strong></span> <span class='ocrx_word' id='word_1_104' title='bbox 1618 3018 1725 3095; x_wconf 90' lang='lat' dir='ltr'><strong>adhi.</strong></span> 
     </span>
     <span class='ocr_line' id='line_1_19' title="bbox 575 3115 1725 3224; baseline 0.003 -26"><span class='ocrx_word' id='word_1_105' title='bbox 575 3115 675 3206; x_wconf 56' lang='lat' dir='ltr'><strong>bere(</strong></span> <span class='ocrx_word' id='word_1_106' title='bbox 746 3125 785 3206; x_wconf 92' lang='lat' dir='ltr'><strong>si</strong></span> <span class='ocrx_word' id='word_1_107' title='bbox 813 3148 863 3200; x_wconf 88' lang='lat' dir='ltr'><strong>ue</strong></span> <span class='ocrx_word' id='word_1_108' title='bbox 891 3121 1213 3224; x_wconf 87' lang='lat' dir='ltr'><strong>interpretationes</strong></span> <span class='ocrx_word' id='word_1_109' title='bbox 1240 3119 1295 3196; x_wconf 79' lang='lat' dir='ltr'><strong>har</strong></span> <span class='ocrx_word' id='word_1_110' title='bbox 1325 3118 1522 3221; x_wconf 89' lang='lat' dir='ltr'><strong>diligenter</strong></span> <span class='ocrx_word' id='word_1_111' title='bbox 1555 3144 1596 3195; x_wconf 91' lang='lat' dir='ltr'><strong>ac</strong></span> <span class='ocrx_word' id='word_1_112' title='bbox 1621 3120 1725 3201; x_wconf 66' lang='lat' dir='ltr'><strong>rede</strong></span> 
     </span>
     <span class='ocr_line' id='line_1_20' title="bbox 571 3150 1721 3328; baseline -0.002 -24"><span class='ocrx_word' id='word_1_113' title='bbox 571 3225 777 3328; x_wconf 72' lang='lat' dir='ltr'><strong>compositae</strong></span> <span class='ocrx_word' id='word_1_114' title='bbox 787 3150 904 3324; x_wconf 52' lang='lat' dir='ltr'><strong>iunt,</strong></span> <span class='ocrx_word' id='word_1_115' title='bbox 928 3224 1036 3301; x_wconf 90' lang='lat' dir='ltr'><strong>iuuat</strong></span> <span class='ocrx_word' id='word_1_116' title='bbox 1055 3249 1125 3301; x_wconf 90' lang='lat' dir='ltr'><strong>nos</strong></span> <span class='ocrx_word' id='word_1_117' title='bbox 1152 3219 1358 3312; x_wconf 85' lang='lat' dir='ltr'><strong>interdum,</strong></span> <span class='ocrx_word' id='word_1_118' title='bbox 1385 3245 1447 3300; x_wconf 87' lang='lat' dir='ltr'><strong>eas</strong></span> <span class='ocrx_word' id='word_1_119' title='bbox 1468 3219 1656 3303; x_wconf 88' lang='lat' dir='ltr'><strong>consulere</strong></span> <span class='ocrx_word' id='word_1_120' title='bbox 1679 3247 1721 3303; x_wconf 85' lang='lat' dir='ltr'><strong>ae</strong></span> 
     </span>
     <span class='ocr_line' id='line_1_21' title="bbox 566 3321 1268 3408; baseline -0.009 0"><span class='ocrx_word' id='word_1_121' title='bbox 566 3321 776 3408; x_wconf 82' lang='lat' dir='ltr'><strong>difficiliora</strong></span> <span class='ocrx_word' id='word_1_122' title='bbox 793 3329 879 3408; x_wconf 79' lang='lat' dir='ltr'><strong>loca]</strong></span> <span class='ocrx_word' id='word_1_123' title='bbox 901 3349 948 3404; x_wconf 87' lang='lat' dir='ltr'><strong>ex</strong></span> <span class='ocrx_word' id='word_1_124' title='bbox 968 3324 1043 3402; x_wconf 90' lang='lat' dir='ltr'><strong>istis</strong></span> <span class='ocrx_word' id='word_1_125' title='bbox 1076 3324 1268 3403; x_wconf 86' lang='lat' dir='ltr'><strong>illustrare.</strong></span> 
     </span>
    </p>
   </div>
   <div class='ocr_carea' id='block_1_7' title="bbox 566 3631 1804 4340">
    <p class='ocr_par' dir='ltr' id='par_1_7' title="bbox 566 3631 1804 4340">
     <span class='ocr_line' id='line_1_22' title="bbox 637 3631 1724 3738; baseline 0.006 -30"><span class='ocrx_word' id='word_1_126' title='bbox 637 3634 739 3738; x_wconf 77' lang='lat' dir='ltr'><strong>Qua</strong></span> <span class='ocrx_word' id='word_1_127' title='bbox 763 3649 884 3734; x_wconf 88' lang='lat' dir='ltr'><strong>patres</strong></span> <span class='ocrx_word' id='word_1_128' title='bbox 902 3631 1043 3710; x_wconf 85' lang='lat' dir='ltr'><strong>ordinis</strong></span> <span class='ocrx_word' id='word_1_129' title='bbox 1067 3632 1158 3712; x_wconf 88' lang='lat' dir='ltr'><strong>sacri</strong></span> <span class='ocrx_word' id='word_1_130' title='bbox 1189 3631 1444 3735; x_wconf 86' lang='lat' dir='ltr'><strong>reliquerunt,</strong></span> <span class='ocrx_word' id='word_1_131' title='bbox 1470 3631 1618 3737; x_wconf 87' lang='lat' dir='ltr'><strong>ingenii</strong></span> <span class='ocrx_word' id='word_1_132' title='bbox 1640 3659 1724 3714; x_wconf 82' lang='lat' dir='ltr'><strong>mo·</strong></span> 
     </span>
     <span class='ocr_line' id='line_1_23' title="bbox 566 3730 1804 3836; baseline 0.002 -25"><span class='ocrx_word' id='word_1_133' title='bbox 566 3730 736 3812; x_wconf 80' lang='lat' dir='ltr'><strong>nimenta</strong></span> <span class='ocrx_word' id='word_1_134' title='bbox 767 3736 826 3810; x_wconf 85' lang='lat' dir='ltr'><strong>vel</strong></span> <span class='ocrx_word' id='word_1_135' title='bbox 853 3757 990 3834; x_wconf 77' lang='lat' dir='ltr'><strong>grace3</strong></span> <span class='ocrx_word' id='word_1_136' title='bbox 1016 3738 1078 3812; x_wconf 82' lang='lat' dir='ltr'><strong>vel</strong></span> <span class='ocrx_word' id='word_1_137' title='bbox 1109 3739 1222 3813; x_wconf 88' lang='lat' dir='ltr'><strong>latine</strong></span> <span class='ocrx_word' id='word_1_138' title='bbox 1255 3735 1450 3836; x_wconf 81' lang='lat' dir='ltr'><strong>composita</strong></span> <span class='ocrx_word' id='word_1_139' title='bbox 1474 3735 1571 3815; x_wconf 88' lang='lat' dir='ltr'><strong>sunt.</strong></span> <span class='ocrx_word' id='word_1_140' title='bbox 1644 3739 1720 3814; x_wconf 91' lang='lat' dir='ltr'><strong>lam</strong></span> <span class='ocrx_word' id='word_1_141' title='bbox 1802 3823 1804 3828; x_wconf 51' lang='grc'><strong>,</strong></span> 
     </span>
     <span class='ocr_line' id='line_1_24' title="bbox 566 3833 1721 3936; baseline 0.003 -26"><span class='ocrx_word' id='word_1_142' title='bbox 566 3833 782 3936; x_wconf 84' lang='lat' dir='ltr'><strong>antiquiore</strong></span> <span class='ocrx_word' id='word_1_143' title='bbox 813 3855 914 3912; x_wconf 83' lang='lat' dir='ltr'><strong>atate</strong></span> <span class='ocrx_word' id='word_1_144' title='bbox 942 3833 1115 3936; x_wconf 79' lang='lat' dir='ltr'><strong>fuerunt,</strong></span> <span class='ocrx_word' id='word_1_145' title='bbox 1150 3835 1218 3936; x_wconf 90' lang='lat' dir='ltr'><strong>qui</strong></span> <span class='ocrx_word' id='word_1_146' title='bbox 1247 3859 1327 3912; x_wconf 91' lang='lat' dir='ltr'><strong>non</strong></span> <span class='ocrx_word' id='word_1_147' title='bbox 1356 3836 1472 3914; x_wconf 88' lang='lat' dir='ltr'><strong>solum</strong></span> <span class='ocrx_word' id='word_1_148' title='bbox 1494 3834 1633 3936; x_wconf 89' lang='lat' dir='ltr'><strong>scriptis</strong></span> <span class='ocrx_word' id='word_1_149' title='bbox 1659 3862 1721 3914; x_wconf 91' lang='lat' dir='ltr'><strong>eo·</strong></span> 
     </span>
     <span class='ocr_line' id='line_1_25' title="bbox 566 3932 1719 4038; baseline 0.004 -24"><span class='ocrx_word' id='word_1_150' title='bbox 566 3959 647 4014; x_wconf 91' lang='lat' dir='ltr'><strong>tum</strong></span> <span class='ocrx_word' id='word_1_151' title='bbox 684 3932 835 4038; x_wconf 81' lang='lat' dir='ltr'><strong>graecis,</strong></span> <span class='ocrx_word' id='word_1_152' title='bbox 863 3933 977 4013; x_wconf 83' lang='lat' dir='ltr'><strong>latine</strong></span> <span class='ocrx_word' id='word_1_153' title='bbox 1015 3935 1238 4026; x_wconf 88' lang='lat' dir='ltr'><strong>reddendis,</strong></span> <span class='ocrx_word' id='word_1_154' title='bbox 1274 3961 1423 4038; x_wconf 84' lang='lat' dir='ltr'><strong>operam</strong></span> <span class='ocrx_word' id='word_1_155' title='bbox 1462 3936 1619 4033; x_wconf 78' lang='lat' dir='ltr'><strong>darent3</strong></span> <span class='ocrx_word' id='word_1_156' title='bbox 1655 3939 1719 4019; x_wconf 88' lang='lat' dir='ltr'><strong>sed</strong></span> 
     </span>
     <span class='ocr_line' id='line_1_26' title="bbox 566 4035 1719 4139; baseline 0.003 -23"><span class='ocrx_word' id='word_1_157' title='bbox 566 4036 678 4116; x_wconf 84' lang='lat' dir='ltr'><strong>etiam</strong></span> <span class='ocrx_word' id='word_1_158' title='bbox 706 4035 876 4114; x_wconf 90' lang='lat' dir='ltr'><strong>inlibris</strong></span> <span class='ocrx_word' id='word_1_159' title='bbox 914 4035 1060 4138; x_wconf 86' lang='lat' dir='ltr'><strong>latinis,</strong></span> <span class='ocrx_word' id='word_1_160' title='bbox 1103 4061 1220 4139; x_wconf 84' lang='lat' dir='ltr'><strong>graece</strong></span> <span class='ocrx_word' id='word_1_161' title='bbox 1250 4036 1461 4128; x_wconf 75' lang='lat' dir='ltr'><strong>vertendis,</strong></span> <span class='ocrx_word' id='word_1_162' title='bbox 1497 4035 1610 4115; x_wconf 80' lang='lat' dir='ltr'><strong>simile</strong></span> <span class='ocrx_word' id='word_1_163' title='bbox 1644 4043 1719 4120; x_wconf 88' lang='lat' dir='ltr'><strong>stu-</strong></span> 
     </span>
     <span class='ocr_line' id='line_1_27' title="bbox 566 4135 1720 4242; baseline 0.007 -27"><span class='ocrx_word' id='word_1_164' title='bbox 566 4135 668 4215; x_wconf 88' lang='lat' dir='ltr'><strong>dium</strong></span> <span class='ocrx_word' id='word_1_165' title='bbox 698 4154 893 4237; x_wconf 90' lang='lat' dir='ltr'><strong>ponerent.</strong></span> <span class='ocrx_word' id='word_1_166' title='bbox 942 4136 1124 4241; x_wconf 79' lang='lat' dir='ltr'><strong>Reliquiae</strong></span> <span class='ocrx_word' id='word_1_167' title='bbox 1153 4137 1286 4218; x_wconf 87' lang='lat' dir='ltr'><strong>harum</strong></span> <span class='ocrx_word' id='word_1_168' title='bbox 1308 4137 1653 4242; x_wconf 86' lang='lat' dir='ltr'><strong>interpretationum</strong></span> <span class='ocrx_word' id='word_1_169' title='bbox 1671 4142 1720 4224; x_wconf 88' lang='lat' dir='ltr'><strong>ad</strong></span> 
     </span>
     <span class='ocr_line' id='line_1_28' title="bbox 566 4256 1515 4340; baseline -0.003 -22"><span class='ocrx_word' id='word_1_170' title='bbox 566 4262 632 4318; x_wconf 84' lang='lat' dir='ltr'><strong>uos</strong></span> <span class='ocrx_word' id='word_1_171' title='bbox 653 4256 922 4340; x_wconf 85' lang='lat' dir='ltr'><strong>peruenerunt.</strong></span> <span class='ocrx_word' id='word_1_172' title='bbox 967 4259 973 4267; x_wconf 85' lang='lat'><em>·</em></span> <span class='ocrx_word' id='word_1_173' title='bbox 1511 4293 1515 4302; x_wconf 39' lang='grc' dir='ltr'>ι</span> 
     </span>
    </p>
   </div>
   <div class='ocr_carea' id='block_1_8' title="bbox 605 4366 1722 4986">
    <p class='ocr_par' dir='ltr' id='par_1_8' title="bbox 605 4366 1722 4986">
     <span class='ocr_line' id='line_1_29' title="bbox 675 4366 1718 4470; baseline 0.007 -32"><span class='ocrx_word' id='word_1_174' title='bbox 675 4372 860 4456; x_wconf 72' lang='lat' dir='ltr'><strong>luterem,</strong></span> <span class='ocrx_word' id='word_1_175' title='bbox 881 4370 941 4464; x_wconf 74' lang='lat' dir='ltr'><strong>,qui</strong></span> <span class='ocrx_word' id='word_1_176' title='bbox 958 4391 1064 4463; x_wconf 80' lang='lat' dir='ltr'><strong>graeca</strong></span> <span class='ocrx_word' id='word_1_177' title='bbox 1082 4389 1215 4467; x_wconf 86' lang='lat' dir='ltr'><strong>patrum</strong></span> <span class='ocrx_word' id='word_1_178' title='bbox 1236 4366 1353 4470; x_wconf 89' lang='lat' dir='ltr'><strong>scripta</strong></span> <span class='ocrx_word' id='word_1_179' title='bbox 1367 4375 1403 4444; x_wconf 87' lang='lat' dir='ltr'><strong>in</strong></span> <span class='ocrx_word' id='word_1_180' title='bbox 1436 4373 1620 4452; x_wconf 83' lang='lat' dir='ltr'><strong>sermonem</strong></span> <span class='ocrx_word' id='word_1_181' title='bbox 1641 4377 1718 4450; x_wconf 84' lang='lat' dir='ltr'><strong>lati.</strong></span> 
     </span>
     <span class='ocr_line' id='line_1_30' title="bbox 608 4466 1722 4567; baseline 0.01 -27"><span class='ocrx_word' id='word_1_182' title='bbox 608 4493 695 4540; x_wconf 89' lang='lat' dir='ltr'><strong>num</strong></span> <span class='ocrx_word' id='word_1_183' title='bbox 724 4466 978 4553; x_wconf 83' lang='lat' dir='ltr'><strong>transtulerunt,</strong></span> <span class='ocrx_word' id='word_1_184' title='bbox 1005 4476 1164 4567; x_wconf 86' lang='lat' dir='ltr'><strong>praecipue</strong></span> <span class='ocrx_word' id='word_1_185' title='bbox 1178 4471 1298 4545; x_wconf 90' lang='lat' dir='ltr'><strong>locum</strong></span> <span class='ocrx_word' id='word_1_186' title='bbox 1329 4473 1386 4545; x_wconf 84' lang='lat' dir='ltr'><strong>fibi</strong></span> <span class='ocrx_word' id='word_1_187' title='bbox 1411 4473 1489 4546; x_wconf 87' lang='lat' dir='ltr'><strong>fecit</strong></span> <span class='ocrx_word' id='word_1_188' title='bbox 1518 4500 1722 4565; x_wconf 58' lang='lat' dir='ltr'><strong>nvrrnvsj</strong></span> 
     </span>
     <span class='ocr_line' id='line_1_31' title="bbox 606 4567 1717 4670; baseline 0.01 -31"><span class='ocrx_word' id='word_1_189' title='bbox 606 4569 781 4668; x_wconf 83' lang='lat' dir='ltr'><strong>presbyter</strong></span> <span class='ocrx_word' id='word_1_190' title='bbox 810 4567 1036 4664; x_wconf 79' lang='lat' dir='ltr'><strong>Aquileienlis.</strong></span> <span class='ocrx_word' id='word_1_191' title='bbox 1084 4576 1131 4644; x_wconf 87' lang='lat' dir='ltr'><strong>Ex</strong></span> <span class='ocrx_word' id='word_1_192' title='bbox 1145 4597 1250 4670; x_wconf 78' lang='lat' dir='ltr'><strong>graeca</strong></span> <span class='ocrx_word' id='word_1_193' title='bbox 1269 4575 1382 4670; x_wconf 87' lang='lat' dir='ltr'><strong>lingua</strong></span> <span class='ocrx_word' id='word_1_194' title='bbox 1403 4574 1503 4646; x_wconf 86' lang='lat' dir='ltr'><strong>latine</strong></span> <span class='ocrx_word' id='word_1_195' title='bbox 1526 4583 1643 4650; x_wconf 85' lang='lat' dir='ltr'><strong>vertit:</strong></span> <span class='ocrx_word' id='word_1_196' title='bbox 1667 4606 1717 4652; x_wconf 86' lang='lat' dir='ltr'><strong>rc·</strong></span> 
     </span>
     <span class='ocr_line' id='line_1_32' title="bbox 608 4665 1715 4766; baseline 0.011 -26"><span class='ocrx_word' id='word_1_197' title='bbox 608 4666 819 4766; x_wconf 64' lang='lat' dir='ltr'><strong>cognitionum</strong></span> <span class='ocrx_word' id='word_1_198' title='bbox 833 4665 936 4756; x_wconf 74' lang='lat' dir='ltr'><strong>libros,</strong></span> <span class='ocrx_word' id='word_1_199' title='bbox 954 4669 1011 4742; x_wconf 83' lang='lat' dir='ltr'><strong>sub</strong></span> <span class='ocrx_word' id='word_1_200' title='bbox 1041 4673 1219 4746; x_wconf 86' lang='lat' dir='ltr'><strong>Clementis</strong></span> <span class='ocrx_word' id='word_1_201' title='bbox 1242 4681 1372 4750; x_wconf 90' lang='lat' dir='ltr'><strong>romani</strong></span> <span class='ocrx_word' id='word_1_202' title='bbox 1395 4680 1531 4746; x_wconf 83' lang='lat' dir='ltr'><strong>nomine</strong></span> <span class='ocrx_word' id='word_1_203' title='bbox 1551 4683 1585 4748; x_wconf 88' lang='lat' dir='ltr'><strong>in</strong></span> <span class='ocrx_word' id='word_1_204' title='bbox 1606 4678 1715 4753; x_wconf 88' lang='lat' dir='ltr'><strong>lucem</strong></span> 
     </span>
     <span class='ocr_line' id='line_1_33' title="bbox 605 4768 1714 4878; baseline 0.005 -32"><span class='ocrx_word' id='word_1_205' title='bbox 605 4772 740 4878; x_wconf 59' lang='lat' dir='ltr'><strong>editos,</strong></span> <span class='ocrx_word' id='word_1_206' title='bbox 763 4793 803 4844; x_wconf 85' lang='lat' dir='ltr'><strong>ac</strong></span> <span class='ocrx_word' id='word_1_207' title='bbox 818 4768 1051 4871; x_wconf 80' lang='lat' dir='ltr'><strong>praefationem</strong></span> <span class='ocrx_word' id='word_1_208' title='bbox 1070 4774 1215 4862; x_wconf 81' lang='lat' dir='ltr'><strong>addidit,</strong></span> <span class='ocrx_word' id='word_1_209' title='bbox 1239 4799 1311 4874; x_wconf 74' lang='lat' dir='ltr'><strong>qua</strong></span> <span class='ocrx_word' id='word_1_210' title='bbox 1333 4781 1445 4854; x_wconf 84' lang='lat' dir='ltr'><strong>minus</strong></span> <span class='ocrx_word' id='word_1_211' title='bbox 1466 4773 1511 4859; x_wconf 80' lang='lat' dir='ltr'><strong>est</strong></span> <span class='ocrx_word' id='word_1_212' title='bbox 1535 4776 1714 4870; x_wconf 85' lang='lat' dir='ltr'><strong>subdititia,</strong></span> 
     </span>
     <span class='ocr_line' id='line_1_34' title="bbox 879 4905 1713 4986; baseline 0.007 -38"><span class='ocrx_word' id='word_1_213' title='bbox 879 4941 882 4948; x_wconf 90' lang='lat'><strong>.</strong></span> <span class='ocrx_word' id='word_1_214' title='bbox 1594 4905 1713 4986; x_wconf 77' lang='lat' dir='ltr'><strong>quem·</strong></span> 
     </span>
    </p>
   </div>
   <div class='ocr_carea' id='block_1_9' title="bbox 0 0 2330 5842">
    <p class='ocr_par' dir='ltr' id='par_1_9' title="bbox 0 0 2330 5842">
     <span class='ocr_line' id='line_1_35' title="bbox 0 0 2330 5842; baseline 0 12"><span class='ocrx_word' id='word_1_215' title='bbox 0 0 2330 5842; x_wconf 95' lang='lat' dir='ltr'><strong> </strong></span> 
     </span>
    </p>
   </div>
  </div>
 </body>
</html>
