4650 5842
628 849 706 944 ¹350
743 859 885 917 GAPVT
913 859 1089 918 vunnu
1115 862 1286 918 earm
1325 860 1490 918 ECCLES.
1516 859 1791 958 taynl'rtoun

644 1057 648 1064 ·
683 1020 807 1091 sionem
824 1014 929 1088 Mosrs
947 1033 1045 1110 atque
1068 1035 1306 1108 eorum,-.qute
1324 1013 1476 1084 nonnulli
1511 1018 1546 1085 in
1574 1013 1684 1086 fratris
1706 1017 1789 1090 Basr-

682 1123 718 1192 lii
737 1123 932 1190 heuaimeto
949 1115 1001 1184 vel
1016 1112 1308 1208 reprehenderanta
1331 1113 1381 1184 vel
1403 1113 1673 1192 defidetauerant.
1725 1123 1788 1189 Ex·

626 1237 649 1272 ’·
683 1223 767 1295 stant
787 1225 884 1290 etiam
900 1213 1127 1296 eiusdemduo
1143 1213 1243 1286 libelli
1267 1213 1307 1286 de
1323 1211 1507 1314 psalmamm
1529 1214 1786 1313 inscriptionibus.

657 1367 665 1378 -
739 1341 914 1390 crnreer
939 1316 1144 1386 Alexandrini
1180 1315 1379 1414 γλᾳφυςοί,
1405 1315 1437 1385 id
1461 1317 1522 1398 est.
1548 1319 1625 1389 scita
1662 1342 1694 1391 et
1723 1315 1784 1392 ele·

643 1463 653 1480 ·
683 1427 795 1519 gantia
822 1422 1044 1489 canmtcmaria
1077 1421 1113 1486 in
1132 1419 1391 1506 pematnaclmm
1417 1415 1482 1488 srue
1513 1423 1629 1513 potius·
1663 1425 1699 1490 in
1739 1421 1784 1493 se·

644 1549 651 1580 ;
683 1526 766 1596 lena
783 1521 931 1617 quadam
948 1517 1158 1614 pentateuchi
1181 1515 1272 1599 loca:
1297 1523 1588 1606 carmentariorum
1603 1526 1636 1590 in
1653 1519 1783 1616 Ieſsaiam

643 1661 650 1676 =
683 1626 756 1698 libri
773 1628 944 1719 quinque:
971 1622 1210 1688 commentarim
1229 1623 1262 1688 in
1278 1621 1433 1688 duodecim
1447 1624 1580 1698 minores
1598 1628 1785 1713 propbetas:

642 1755 648 1764 ·
683 1728 973 1798 commentariorum
1001 1725 1035 1788 in
1058 1718 1303 1790 loannnnlibti
1330 1718 1516 1794 duodecim.
1591 1727 1786 1797 Earatione

644 1857 649 1866 ·
684 1825 826 1919 cyrillus
845 1821 1035 1916 scripturam
1061 1817 1185 1890 sacram
1209 1824 1369 1916 exponit,
1396 1844 1430 1890 vt
1461 1845 1623 1894 non-tam
1656 1823 1783 1898 sensum

681 1927 965 2001 verborum-eruat
979 1945 1114 2017 nquam
1135 1920 1784 2021 dogmatatlreologica.expliceteaque
1819 1921 1822 1930 '

644 2067 652 2080 ·
684 2027 849 2126 speciatim
871 2027 907 2094 in
935 2026 1166 2092 commentariis
1181 2027 1216 2090 in
1244 2025 1389 2092 Ioannem
1420 2023 1580 2114 aduersus:
1598 2025 1781 2112 haereticos,

544 2181 547 2188 -
645 2125 853 2228 ¹¹praesertim
880 2127 1042 2207 Atianos,
1066 2121 1216 2198 stabiliat.
1265 2127 1389 2194 Maiori
1408 2123 1513 2196 studio
1537 2129 1783 2219 interpretatio-

644 2259 655 2274 ·
685 2243 764 2301 n'ern
785 2225 954 2317 mysticam
980 2243 1081 2321 atque
1099 2223 1326 2318 allegoricamr
1353 2233 1453 2320 quarn
1477 2226 1648 2298 litteralem
1681 2233 1782 2300 intet-

646 2353 654 2388 >
684 2333 765 2402 dum
791 2327 938 2402 seilatur.
1019 2329 1154 2419 Ignarus
1193 2323 1350 2395 sermonis
1383 2324 1498 2412 ebraei,
1534 2326 1677 2423 sequitur
1709 2355 1781 2402 ver-

620 2459 624 2464 ·
656 2463 659 2468 ·
683 2429 808 2512 icones,
831 2433 972 2498 maxime
989 2424 1191 2520 septuaginta
1213 2429 1438 2520 interpretum.
1489 2432 1526 2498 ln
1550 2437 1783 2500 cammmrariis

647 2575 655 2606 r
681 2533 717 2602 ln
729 2532 965 2622 pernarracltmtr
985 2523 1328 2598 collationem'veteris
1345 2549 1384 2596 ac
1407 2531 1488 2599 noui
1507 2529 1688 2600 testamenti
1707 2532 1782 2601 dili·

647 2663 654 2674 ·
683 2655 797 2729 genter
819 2629 1008 2718 inllituitac
1021 2621 1238 2716 ,fundamenti
1252 2630 1330 2698 ioco
1345 2634 1464 2722 ponit,
1483 2649 1582 2702 :uetus
1608 2633 1781 2702 testamen·

682 2755 754 2806 tum
780 2735 948 2804 continere
981 2727 1131 2821 figuram.
1155 2733 1254 2826 atque
1285 2727 1435 2800 umbram
1456 2728 1610 2816 illorum,
1638 2758 1715 2828 ¹qua
1743 2738 1782 2804 in

649 2837 914 2908 ¹-nouoeuenire
926 2829 1135 2902 debuerunt:
1206 2885 1232 2914 ,.
1271 2893 1304 2898 ..
1529 2852 1531 2857 ·
1590 2883 1592 2888 -

649 2979 656 2990 .
746 2955 1028 3024 Turonorum
1054 2927 1594 3029 quassiorreriapmcarcnclmmcin
1609 2932 1711 3004 libros
1732 2939 1782 3007 Ia-

650 3067 657 3080 ·
675 3037 755 3136 sua,
778 3037 932 3113 inclinem,
949 3034 1052 3112 auin,
1064 3029 1231 3110 Samaria,
1251 3054 1358 3126 regum
1377 3050 1409 3100 ct
1422 3034 1688 3122 paraliponmtan,
1707 3043 1780 3131 qui.

649 3153 667 3192 ·'
683 3139 742 3210 bus
759 3135 811 3205 ille
827 3134 1022 3204 monstrauit
1051 3131 1202 3227 quidem,
1225 3128 1256 3201 se
1282 3131 1442 3225 scriptura
1463 3133 1554 3214 sacrae
1576 3160 1614 3206 ac
1648 3139 1779 3208 theolo.

679 3243 739 3334 giae
762 3241 900 3332 petitum
913 3229 993 3310 esser
1030 3233 1170 3302 tradidit·
1186 3253 1303 3304 autem.
1319 3234 1480 3304 nonnulla
1501 3239 1626 3306 inutilia
1643 3264 1682 3307 ac
1703 3240 1778 3309 lon·

648 3383 651 3390 ·
678 3365 721 3432 ge
740 3342 850 3434 petita.
899 3333 1028 3404 Adtulit
1042 3357 1295 3426 nonnumquam
1319 3332 1508 3428 allegoricas
1535 3362 1603 3420 res,
1620 3365 1690 3408 nnn
1711 3366 1778 3411 ram

647 3467 652 3474 ·
680 3433 786 3511 textus
803 3434 1002 3532 explicandia
1029 3460 1129 3531 quarn
1147 3455 1282 3508 ornatus
1298 3431 1416 3512 caussa.
1468 3440 1582 3506 Praeter
1602 3441 1690 3522 hnc,
1715 3440 1778 3511 alia

649 3533 807 3634 fingenii
830 3542 1036 3607 monimenta
1065 3534 1205 3628 reliquit.
1254 3537 1474 3606 Peruenerunt
1505 3539 1545 3606 ad
1573 3564 1639 3610 nos¹
1670 3542 1775 3614 illius:

680 3643 948 3729 interpretatione
965 3654 1086 3704 eentum
1102 3641 1325 3734 qninquaginta
1337 3633 1481 3731 peſsumas,
1500 3664 1563 3734 qua
1583 3642 1776 3713 Theodore-

584 3762 588 3770 '
684 3767 736 3813 tus
755 3739 1022 3833 Chrysollomum
1042 3736 1211 3829 diligenter
1226 3742 1372 3807 imitatus
1390 3739 1453 3820 est,
1490 3744 1525 3809 in
1538 3738 1701 3811 sententiis
1718 3768 1776 3837 pa.

684 3849 763 3916 riter
788 3868 825 3911 ac
843 3838 966 3909 verbis:
993 3838 1166 3927 explanatio
1185 3844 1218 3907 in
1229 3842 1387 3907 ramicum.
1396 3845 1602 3923 canticorum,
1630 3869 1701 3938 quae
1725 3851 1776 3914 in·

681 3961 731 4014 t'er
750 3948 817 4014 eius
841 3935 956 4035 scrip'ta
978 3936 1096 4008 'locum
1127 3940 1258 4036 quidem
1299 3938 1463 4019 obtinuit;
1490 3946 1631 4012 rationes
1666 3969 1776 4016 autem

684 4045 758 4119 sunt
775 4066 847 4112 non
866 4040 1136 4123 contemnendae,
1153 4040 1315 4134 cut'dodli
1332 4044 1392 4110 viri
1411 4041 1572 4125 dubitant,
1585 4045 1777 4116 incolore-

650 4171 655 4178 ·
682 4167 754 4217 tum
786 4144 872 4212 illius
895 4143 1061 4212 audonem
1089 4138 1169 4212 else:
1202 4148 1491 4212 commentariorum
1521 4148 1554 4213 in
1571 4146 1698 4240 lesaiam
1722 4172 1777 4216 cx-

649 4289 656 4298 -
684 4264 806 4337 carpta:
826 4249 1064 4313 cunemannus
1079 4247 1113 4311 in
1126 4246 1290 4312 [remiams
1326 4251 1563 4314 contremuerint
1590 4255 1623 4314 in
1642 4252 1777 4329 narmi,

680 4355 715 4419 in
741 4353 863 4418 cleranos
891 4349 1047 4426 sermacia,
1064 4346 1268 4427 Ezechielem,
1292 4346 1448 4415 Danielem
1470 4369 1501 4415 et
1527 4351 1683 4416 dcccdccim
1697 4374 1772 4440 pro·

677 4454 935 4543 pletasminarcs.
986 4447 1175 4517 Accedunt:
1191 4452 1405 4515 commentarii
1414 4452 1699 4546 inluminandam
1715 4455 1777 4540 epi-

673 4551 766 4648 stolas
780 4553 899 4632 Paulli,
923 4570 1020 4646 atque
1037 4553 1083 4618 ita
1105 4554 1201 4624 etiarn
1215 4547 1415 4641 in-‚epislalam
1441 4552 1482 4617 ad
1494 4545 1628 4632 librans,
1654 4543 1776 4648 quibus

681 4676 744 4741 ea,
766 4678 836 4748 quac
858 4648 1108 4748 chrysostomus
1130 4639 1293 4742 verbosius
1310 4647 1493 4744 scripserat,
1523 4649 1663 4720 breuiter
1688 4652 1778 4722 exhi·

682 4751 737 4823 bet
755 4777 793 4822 ac
815 4755 925 4848 paucis
955 4749 1088 4818 obscure
1109 4749 1194 4818 didla
1219 4748 1380 4844 explanat.
1429 4757 1527 4821 More
1554 4753 1695 4832 aliorum
1724 4757 1777 4820 in.

680 4874 856 4949 terpretum
879 4877 900 4924 a
925 4872 1013 4924 textu
1039 4850 1216 4947 digreditur
1246 4870 1279 4923 et
1309 4872 1419 4948 captat
1444 4850 1674 4940 occafionem,
1692 4852 1780 4947 dog.

577 4964 632 5001 ¹²·
1484 5025 1492 5042 ,
1526 5005 1530 5016 z
1689 4976 1780 5025 mata
