4650 5842
796 775 971 834 ΙΙΔΧΙΜΕ
1001 775 1204 832 enorum
1234 777 1285 834 ΑΒ
1321 778 1525 838 avitam.
1653 779 1728 857 289

619 933 766 1008 versatos
785 927 866 1004 esse:
893 954 933 1000 ex
952 925 1093 1000 lcffione
1106 929 1239 1002 illorum
1269 933 1469 1028 comparasse
1484 933 1540 1006 fibi
1569 946 1724 1014 notitiam

614 1033 828 1110 historiarum
849 1053 949 1128 atque
971 1031 1174 1126 antiquitatis
1196 1055 1235 1102 ac
1253 1055 1311 1128 per
1341 1034 1375 1103 id
1406 1039 1565 1108 maiorem
1590 1038 1722 1114 laudem

616 1137 677 1208 fibi
694 1129 929 1230 adquisiuisle,
962 1130 1108 1224 exempla
1139 1153 1291 1226 patrum,
1321 1155 1397 1206 cum
1429 1161 1633 1230 gracontmt
1651 1162 1723 1214 tum

610 1235 799 1310 latinorum
812 1229 941 1304 abunde
958 1231 1191 1326 comprobant.
1241 1237 1288 1304 Ex
1310 1240 1421 1327 grecis
1445 1243 1605 1336 praecipue
1629 1266 1721 1314 com·

608 1335 825 1418 memorandi
841 1333 932 1406 sunt:

662 1439 710 1526 1.)
743 1457 947 1508 tractura
969 1445 1119 1527 martyr,
1149 1431 1263 1526 quiin
1284 1435 1376 1504 omni
1392 1430 1557 1531 disciplina
1576 1437 1721 1534 philoso-

611 1533 764 1638 phorum
783 1533 926 1608 versamt
942 1534 987 1605 esi
1005 1558 1044 1604 ac
1062 1531 1188 1604 scholas
1209 1529 1430 1628 frequentauit
1442 1542 1584 1631 primum
1606 1545 1721 1637 Stoici,

612 1659 700 1712 mox
719 1639 940 1732 peripatetici:
966 1633 1084 1705 deinde
1103 1631 1311 1726 Pythagorici
1331 1658 1370 1703 ac
1396 1635 1536 1732 denique
1561 1639 1720 1716 Platonici

610 1742 851 1837 preceptoris,
886 1735 1016 1831 ipseque
1037 1733 1111 1805 satis
1138 1733 1332 1818 iustrudlut‚
1362 1735 1519 1830 dogmata
1549 1740 1721 1814 christiana

615 1863 679 1912 ore
699 1863 739 1908 ac
756 1836 876 1932 scripto
897 1833 1047 1906 aduersus
1072 1834 1195 1904 iudans
1212 1855 1250 1904 ac
1274 1833 1425 1908 homines
1442 1861 1592 1934 paganos
1617 1840 1722 1912 felici·

612 1959 665 2018 ter
694 1933 866 2008 defendit:
914 1937 970 2027 11.)
1010 1957 1243 2018 Tortores,
1274 1938 1365 2006 cuius
1392 1943 1523 2010 micam
1550 1949 1722 2013 oratiorum

618 2039 663 2112 ad
695 2046 816 2110 Grecos
850 2036 976 2132 siquis
1002 2035 1140 2129 legerit,
1179 2031 1276 2106 facile
1309 2033 1363 2106 ille
1395 2038 1572 2134 intelliget,
1613 2065 1721 2138 patres

613 2139 782 2238 quosdam
813 2160 886 2207 non
903 2137 997 2208 rudes
1021 2131 1114 2206 fuisse
1135 2135 1341 2206 historiarum
1363 2157 1460 2234 atque
1478 2146 1723 2238 antiquitatum,

616 2242 639 2313 fi
661 2235 838 2336 prasertim
863 2234 970 2332 legere
992 2233 1088 2320 libet,
1107 2257 1179 2332 quat
1201 2259 1415 2308 ratcounvs
1443 2261 1494 2309 ta·
1521 2251 1724 2315 norror*

614 2339 705 2414 hane
722 2337 842 2411 intem
858 2341 1053 2407 adnotauit:
1079 2336 1120 2406 de
1138 2341 1259 2407 artium
1279 2357 1312 2406 et
1336 2335 1542 2412 scientiarum
1562 2346 1722 2418 inuento.

616 2443 726 2516 tibus:
747 2439 788 2510 de
802 2439 1012 2536 quorundam
1029 2433 1301 2532 philosophorum
1315 2442 1400 2508 'vitiis
1413 2461 1446 2511 et
1458 2442 1684 2536 opinionibus,
1701 2468 1722 2517 a

619 2543 765 2614 Tatiano
797 2541 1085 2611 commemoratis:
1130 2539 1172 2611 de
1202 2537 1398 2634 quibusdam
1422 2538 1492 2611 aliis
1518 2543 1721 2640 philosophie

614 2647 834 2742 peripateticis
861 2661 894 2710 et
911 2641 1153 2733 grammaticis,
1192 2663 1336 2734 quorum
1370 2638 1562 2713 testimoniis
1594 2667 1723 2720 aetatem

618 2748 762 2816 Homeri
787 2741 905 2835 probat
922 2743 1105 2810 Tatianus:
1133 2739 1174 2809 de
1193 2739 1388 2834 quibusdam
1407 2740 1611 2837 scriptoribus
1630 2747 1718 2816 chal«

622 2845 747 2926 deicis,
771 2837 977 2912 Phoenicibus
997 2862 1029 2910 et
1048 2844 1218 2934 Aegyptiis
1241 2839 1282 2908 ad
1303 2840 1509 2934 probandam
1527 2843 1630 2914 Molis
1663 2869 1722 2917 an·

621 2950 826 3041 tiquitatem,
849 2966 869 3011 a
890 2946 1032 3011 Tatiano
1058 2940 1223 3009 addudiis:
1248 2939 1287 3011 de
1314 2940 1459 3034 pluribus
1485 2941 1554 3014 aliis
1583 2943 1722 3042 scripto.

623 3047 712 3118 tibus
737 3065 769 3114 et
787 3042 993 3139 quibusdam
1017 3039 1188 3112 illuslribut
1214 3044 1311 3120 viris,
1344 3064 1488 3137 quorum
1516 3051 1721 3120 mentionem

622 3147 779 3218 Tatianus
807 3142 905 3221 secter
928 3146 1007 3212 item
1031 3143 1071 3212 de
1102 3142 1241 3211 deorum
1269 3139 1389 3212 fabulis
1414 3166 1446 3216 et
1465 3147 1661 3217 Metrodoro
1682 3167 1722 3218 ac

621 3245 808 3332 delatuit,
834 3267 915 3340 quas
936 3245 1093 3312 Tatianus
1115 3242 1145 3312 se
1169 3247 1283 3312 Roma
1304 3240 1438 3327 vidisse,
1463 3247 1593 3317 tesiatut
1615 3246 1721 3344 deque

621 3347 762 3443 denique
794 3345 834 3414 de
869 3366 944 3437 rege
976 3347 1166 3437 argiuorum
1197 3342 1433 3436 chronologia:
1484 3351 1555 3439 111.)
1586 3373 1722 3418 atreo·

625 3469 781 3520 anteve
808 3449 1037 3524 Antiocheam,
1061 3448 1110 3512 vir
1129 3441 1268 3513 multum
1289 3444 1456 3526 eruditus,
1480 3446 1594 3517 litteris
1621 3453 1720 3519 maxi·

566 3577 568 3630 ς
622 3569 675 3620 me
713 3544 883 3629 addidiur,
927 3549 982 3642 qui
1020 3541 1182 3613 librorum
1217 3542 1407 3614 helluonem
1432 3544 1463 3616 se
1503 3547 1638 3640 prabuit
1670 3571 1723 3619 at-

622 3671 685 3746 que
713 3651 800 3718 inter
824 3647 886 3716 hoe
908 3646 1021 3714 nodie:
1047 3643 1165 3714 solidas
1196 3642 1331 3714 libenter
1361 3645 1552 3731 consumsit,
1582 3654 1626 3718 vti
1655 3648 1722 3743 ipso

566 3771 574 3825 t
623 3750 739 3820 tradit:
789 3751 862 3836 IV.)
892 3767 1100 3818 enarratae
1129 3745 1374 3827 Alexandrinus,
1399 3751 1455 3842 qui
1472 3752 1541 3817 iure
1565 3752 1600 3817 in
1622 3754 1723 3844 patri·

566 3841 574 3956 l
625 3845 682 3922 hut
717 3844 904 3916 dottiffimis
942 3866 1142 3919 numeratur.
1194 3846 1302 3914 Multa
1333 3871 1435 3940 eaque
1458 3847 1609 3942 praeclara
1638 3851 1722 3919 tesli·

566 3958 570 3970 '
625 3953 737 4038 monia
750 3947 790 4018 de
810 3971 851 4018 eo
864 3947 950 4018 edita
969 3944 1060 4016 sunt:
1083 3969 1361 4017 nttnourravs
1381 3946 1550 4016 scribitrl*
1565 3950 1723 4044 seruntur

566 4079 570 4094 ¹
621 4054 681 4122 etus
702 4049 829 4146 inpignia
844 4047 1023 4129 volumina,
1040 4047 1188 4144 pirataque
1205 4050 1385 4116 eruditioris
1399 4066 1430 4115 tt
1451 4048 1637 4147 eloquentia,
1655 4070 1723 4120 tum

625 4155 660 4222 sse
671 4147 803 4248 scriptis
818 4153 933 4220 diuinis
938 4175 954 4232 ,¹
975 4168 1068 4248 quum
1093 4143 1283 4241 desectrlarir
1300 4148 1484 4218 litteratura
1500 4150 1697 4244 irrssrtmttrtto
1706 4171 1725 4235 ‚⁰

623 4251 689 4324 alio
704 4273 815 4321 autem
835 4249 932 4321 loco:
952 4247 1013 4296 ***
1034 4252 1110 4349 quid
1133 4250 1243 4317 inillis
1260 4248 1441 4320 indulsum?
1461 4256 1554 4319 immo
1567 4257 1642 4351 qnid
1662 4273 1726 4321 non

624 4355 762 4424 tmrdia
779 4349 955 4447 philosophia
974 4345 1022 4447 eli
1073 4349 1233 4422 Eumdem
1251 4351 1456 4422 Clementem
1479 4349 1567 4422 hunc
1586 4378 1607 4421 r
1619 4375 1640 4421 tr
1654 4375 1725 4421 ro.

1596 4472 1728 4524 ΒΘΗ·

610 4633 628 4674 *
647 4631 774 4712 adparat.
785 4631 822 4694 ad
837 4629 956 4694 biblioth.
968 4631 1169 4712 max.'patrtttn
1186 4645 1253 4696 tort.
1265 4645 1288 4691 t.
1305 4650 1334 4712 p.
1344 4617 1416 4713 5'310

612 4713 647 4756 'l
668 4715 708 4776 tle
720 4708 872 4794 firiptorib.
885 4712 1038 4791 ecclesiastic.
1053 4733 1109 4799 cap.
1124 4729 1199 4778 xxx
1208 4729 1290 4780 riu·

610 4799 664 4848 Μ
681 4799 792 4884 erutor
806 4801 842 4862 eti
859 4795 1007 4883 Mugrtun.
