4650 5842
584 800 635 878 ‚a
758 816 763 833 »-
847 797 1429 898 ..caevr·rr.ua‚··scararrs
1468 827 1486 898 J
1568 829 1571 842 ·

504 1029 506 1040 ,
539 971 543 980 “
633 959 718 1058 ipsas
737 960 803 1031 fine
834 963 1086 1056 comparatione
1099 957 1299 1055 ‚lpedlamum
1321 959 1587 1059 fatendumest,
1613 968 1651 1046 in
1678 965 1741 1036 illis

633 1059 700 1151 ,effe
718 1067 816 1146 vitia,
832 1086 908 1132 ,non
923 1060 1049 1132 'fraudis
1069 1085 1108 1131 ac
1127 1060 1278 1145 malitire3
1303 1060 1356 1132 sed
1368 1066 1500 1133 incuria
1514 1089 1553 1133 ac
1571 1065 1749 1164 negligeng

550 1165 597 1244 ⁴1,
637 1168 715 1252 tie„
751 1168 824 1234 Nec
866 1157 1077 1238 ltnecaulsa
1138 1185 1192 1250 to.
1245 1185 1467 1239 ruancrsc.
1508 1157 1757 1250 uvuuuvs*⁴

594 1307 597 1316 ·
637 1263 885 1346 animaduertit,
907 1261 1043 1358 quando
1062 1268 1192 1333 Cautus
1215 1261 1339 1358 tradat,
1371 1268 1492 1359 primas
1512 1288 1644 1359 patrum
1673 1268 1742 1338 edi·

588 1443 591 1448 ·
639 1368 752 1435 tiones'
770 1388 809 1434 ex
826 1367 960 1459 optimis
985 1363 1154 1459 quibusuis
1177 1357 1401 1458 manuscriptis
1426 1362 1581 1459 exprellas
1609 1363 1673 1438 else
1701 1392 1741 1437 ac

591 1511 596 1518 -
636 1466 791 1548 codicum
812 1488 913 1552 manu
936 1455 1169 1547 exaratorum,
1200 1489 1304 1559 quum
1321 1465 1368 1534 illi
1395 1465 1668 1550 desiderarentur,
1693 1473 1740 1538 vi·

637 1590 710 1636 cem
729 1564 874 1660 supplere
894 1560 992 1660 polle,
1015 1564 1081 1633 haec
1095 1589 1167 1633 non
1191 1565 1285 1659 plane
1303 1564 1505 1636 adfirmanda
1523 1564 1604 1651 elle,
1626 1594 1739 1663 quon·
1760 1579 1763 1584 '

588 1717 610 1740 ,.
635 1670 706 1737 iam
730 1666 972 1762 prestantiffrmi
998 1664 1126 1735 codices
1151 1665 1361 1762 manuscripti
1390 1670 1427 1735 in
1465 1665 1670 1739 bibliothecis
1687 1675 1738 1739 in·

604 1825 607 1832 .
630 1757 828 1850 ueniantu'r,
852 1791 891 1837 ex
907 1763 1023 1863 quibus
1044 1763 1160 1861 scripta
1176 1768 1477 1864 patrumrccenseri
1500 1791 1636 1863 queant.
1662 1769 1746 1841 Siue

633 1874 886 1940 rationetamen
909 1864 1265 1944 saturontvsasrue
1286 1890 1522 1940 atcnanuvs
1547 1873 1738 1941 sinou**

497 2054 521 2062 μ’
624 1975 782 2064 ¹(laneum
801 1967 1022 2061 reprehendit,
1047 1966 1139 2063 quod
1161 1958 1337 2061 scripserit:
1361 1972 1497 2038 nondum
1521 1976 1615 2040 motis
1635 1975 1677 2056 do·
1693 1997 1753 2042 ec·.

585 2131 588 2136 .
634 2064 716 2166 elafio
734 2068 935 2163 rfformanda
952 2068 1162 2164 controuorfiir
1174 2079 1188 2137 ἐ
1211 2072 1346 2137 nondum
1366 2088 1475 2139 exorto
1490 2094 1637 2142 romanor
1653 2077 1737 2162 ὑμῖν

633 2189 666 2242 et
678 2170 865 2265 reformatos
879 2173 916 2238 de
926 2165 1003 2261 fidei
1014 2169 1154 2238 articulis
1165 2186 1197 2237 et
1210 2159 1326 2266 ecclcsiae
1341 2194 1473 2240 romano
1489 2174 1736 2261 corratptelt'rdis·

586 2335 589 2342 .
627 2274 724 2371 sedin,
748 2269 830 2340 nuda
835 2267 917 2365 fietis
932 2273 1041 2339 idoneo
1064 2263 1283 2366 cattffiasubefft
1304 2288 1446 2360 poterat,
1469 2297 1527 2341 cur
1542 2278 1736 2362 inexcuden·
1766 2301 1768 2306 ·

566 2415 569 2425 ·
618 2375 683 2462 --dr‘tj
698 2389 827 2461 patrron
848 2365 986 2463 operibus
998 2370 1118 2465 fraudo
1141 2388 1315 2440 orerentur.
1386 2367 1512 2443 Contra
1529 2398 1600 2467 quae
1632 2401 1735 2473 quum

635 2496 771 2545 staron
792 2492 936 2567 pugnat,
954 2490 1072 2541 contra
1091 2465 1323 2566 experientiam
1336 2468 1412 2548 sane
1438 2492 1578 2569 pugnat.
1723 2541 1725 2548 ,

940 2627 943 2636 ’
1039 2615 1113 2746 ‘t
1163 2651 1231 2731 111.

583 2833 594 2840 --
652 2773 713 2859 Ad
741 2771 882 2854 cladem
919 2772 1128 2866 editionum
1169 2795 1313 2875 patrum
1346 2774 1731 2868 eccleliaelecundam
1767 2781 1774 2826 ·³

580 2874 789 2976 antiquiires
815 2875 1026 2976 pertinent,
1057 2875 1125 2952 illae
1142 2859 1340 2973 birnirum,
1375 2904 1454 2978 quae
1480 2876 1608 2954 seculo
1633 2878 1749 2968 sexto.

582 3003 626 3058 ac
643 2976 790 3054 dec-imo
808 2976 1044 3077 prodierunt,
1067 2976 1226 3058 maxime
1243 2997 1362 3078 quum
1389 2977 1575 3056 Luthetus
1607 2989 1774 3058 veram-t

563 3076 788 3158 doditinam
811 3102 856 3154 ex
874 3076 1093 3168 tenebrisin
1105 3080 1228 3155 lucem'
1245 3103 1421 3156 reuocare
1446 3077 1616 3178 coepilset.
1652 3153 1670 3170 ,,
1688 3085 1731 3158 ln
1769 3071 1774 3110 ³

581 3180 655 3257 illis
676 3179 852 3278 eminent,
866 3206 946 3277 quae
955 3177 1283 3266 summostudioac
1299 3205 1383 3256 cura
1391 3179 1533 3257 Roberti
1541 3179 1732 3281 Stephani*

573 3301 618 3360 ct
632 3285 771 3360 loannis
788 3279 990 3356 Frobenii**
1014 3276 1309 3378 inconspelium
1330 3280 1522 3379 publicum
1545 3303 1733 3359 venerunt

579 3381 796 3483 quibusque
827 3380 998 3455 Erasmus
1027 3381 1276 3471 Roterodomut
1310 3406 1443 3458 manus
1480 3381 1659 3460 admouit.
1674 3390 1733 3431 ”⁴³

579 3485 651 3561 lstae
672 3482 772 3562 enim
791 3507 869 3556 non
888 3481 1004 3556 solum
1028 3480 1201 3558 adcurate
1225 3480 1407 3581 descriptae
1421 3482 1525 3570 sunta
1548 3482 1612 3559 sed
1633 3484 1733 3561 litte-

578 3610 703 3662 rarum
718 3601 870 3684 quoque
891 3581 1075 3682 elegantia
1089 3586 1249 3658 multum
1267 3579 1306 3667 le¹
1329 3583 1600 3674 commendant
1617 3593 1732 3686 atquc
1768 3583 1774 3640 '-

513 3677 522 3704 ⁸
578 3686 675 3765 inter
694 3683 878 3768 editiones,
902 3681 1078 3782 temporis
1093 3680 1193 3759 illius
1210 3682 1458 3782 principatum
1472 3702 1658 3796 tuentur.··

533 3849 537 3858 ¹
628 3825 646 3875 f
686 3810 870 3885 *retbertus
889 3816 1055 3901 Stephano
1071 3815 1121 3880 vir
1131 3808 1195 3882 fuit
1213 3810 1325 3881 litteris
1337 3810 1463 3896 latinis,
1477 3816 1599 3908 gratis,
1618 3811 1733 3884 ebraeis
1763 3883 1766 3890 ,

625 3916 771 4009 νιῑιιιὶῐιιιῐι
787 3913 930 3985 excultus
952 3937 990 3982 ac
1007 3911 1220 3981 bibliothecas
1238 3936 1310 3981 non
1334 3908 1440 3984 solum
1461 3914 1656 3994 Gallorum
1677 3913 1734 3985 sed

628 4024 728 4107 etiam
754 4015 891 4085 aliarum
927 4017 1103 4083 nationum
1138 4013 1308 4106 diligenter
1346 4014 1559 4110 perlustrauit.
1612 4005 1772 4104 Artem]

512 4133 514 4140 '
625 4120 717 4192 suam
739 4120 881 4212 primurn
897 4112 1039 4189 Parifiisa
1063 4113 1179 4184 deinde
1193 4118 1334 4184 Geneuae
1353 4120 1512 4204 exercuit,
1525 4136 1629 4185 ‘tauta
1652 4139 1732 4188 cum

590 4207 593 4212 ¹
627 4217 745 4301 liade,
769 4235 804 4288 vt
828 4215 1009 4311 principem
1027 4212 1140 4284 locum
1157 4217 1244 4284 inter
1265 4217 1488 4311 typographos
1515 4216 1572 4286 fibi
1601 4213 1730 4289 fecerit.
1761 4229 1763 4234 '

619 4305 724 4422 'Quos
741 4314 968 4389 describendos
991 4318 1139 4399 curauit,
1160 4312 1432 4386 libtimonstrant
1453 4322 1634 4389 martimum
1664 4317 1730 4388 stu·

625 4426 737 4505 dium,
760 4417 803 4488 ad
821 4442 878 4489 eos
900 4414 1111 4509 corrigendos
1142 4414 1350 4487 adhibitum:
1385 4416 1544 4490 summam
1570 4429 1731 4514 typorum

582 4541 603 4566 ⁵
626 4524 821 4618 elegantiam
840 4538 938 4615 atque
956 4514 1181 4587 admirabilem
1208 4515 1473 4612 pulcritudinem.
1512 4521 1570 4589 'lta
1593 4543 1633 4589 ex
1656 4517 1730 4589 offi-

1076 4650 1080 4660 ’
1573 4675 1576 4684 .
1654 4644 1731 4691 cina

615 4857 632 4895 *
652 4850 749 4932 ifirpog.
769 4844 805 4907 ad
817 4821 930 4926 theoldg.
948 4821 1133 4920 uniuerfilibr.
1146 4860 1188 4903 rr.
1208 4858 1264 4923 cap.
1274 4856 1302 4920 3.
1323 4823 1360 4924 p,
1372 4860 1442 4925 5903
1547 4899 1549 4905 ,

614 4935 647 4976 ‘⁴‘
664 4930 841 5014 bibliotheque
864 4933 1064 5010 tritiquetout.
1074 4944 1097 4993 1.
1111 4940 1167 5008 rap.
1182 4938 1229 5005 17.
1250 4948 1277 5008 p.
1287 4942 1356 5006 255.
