4650 5842
748 823 999 886 ¹rturostrte
1026 823 1172 902 ηομ
1203 820 1497 880 tttvrrnnrtr.
1647 807 1718 900 2'65

570 929 1714 964 W·-

620 1001 739 1066 micum
756 985 961 1060 detrroribru
969 987 1174 1082 mosandrum
1192 985 1382 1080 religionen,
1401 987 1525 1060 ttafileae
1535 1007 1674 1065 MDclu.
1689 1003 1722 1076 8.

615 1099 653 1166 in
669 1097 792 1170 Sidonii
810 1090 995 1182 Apollinaris
1016 1109 1128 1178 opera,
1151 1089 1314 1156 Hanouiae
1337 1103 1512 1165 MDcxvtt.
1529 1099 1563 1172 8.

692 1225 911 1276 roecrrtut
950 1221 1149 1270 tenuent
1175 1199 1334 1270 indicimi
1349 1203 1439 1270 Auiti
1452 1199 1595 1296 oprtsertla,
1615 1198 1722 1296 Lipfiae

618 1323 761 1380 MDc1v.
784 1319 819 1392 8.
869 1301 924 1372 Ad
939 1303 1001 1370 hos
1025 1321 1157 1397 patrum
1185 1297 1320 1369 ecclefiae
1348 1303 1555 1396 interpretes,
1592 1305 1628 1371 in
1650 1307 1722 1397 qui.

617 1403 680 1475 but
707 1401 1009 1474 commemorandis
1036 1423 1173 1496 operam
1186 1399 1293 1470 adhue
1310 1398 1421 1495 posui,
1448 1401 1501 1471 alii
1523 1403 1723 1495 adiungendi

619 1503 698 1578 sunt
715 1511 816 1600 inque
837 1505 886 1573 his
904 1503 1017 1572 locum
1035 1500 1127 1572 suum
1140 1505 1302 1596 praecipue
1326 1517 1459 1571 tuentur
1494 1503 1646 1572 monachi
1665 1507 1721 1573 Be·

568 1643 572 1648 ·
622 1605 780 1676 nedidlini
814 1628 833 1674 e
864 1607 1125 1700 congregatione
1157 1597 1258 1670 sandi
1295 1606 1416 1672 Mauri.
1491 1607 1528 1672 In
1556 1613 1722 1680 retenon-

621 1707 810 1802 dispatrum
841 1709 1055 1773 monimentis
1101 1721 1258 1772 curarunt
1283 1701 1453 1797 preclare,
1485 1722 1519 1772 vt
1559 1701 1614 1774 illa
1647 1727 1724 1774 cum

621 1806 805 1902 eleganter
834 1824 934 1902 atque
980 1803 1134 1874 adcurate
1157 1801 1350 1898 prodirentr
1386 1823 1456 1873 tum
1495 1809 1583 1872 notis
1625 1825 1723 1898 atque

572 1945 578 1950 -
624 1903 979 1988 animaduersionibus,
1000 1928 1073 2001 quae
1117 1901 1233 1974 lucem·
1264 1903 1456 1998 prael'erant,
1484 1905 1638 1975 instruile
1673 1908 1721 1974 el·

622 2006 703 2078 sent.
750 2010 800 2076 Ita
814 2023 976 2075 ornarunt
995 2028 1069 2088 non
1081 2001 1146 2073 fine
1159 2003 1256 2073 laude
1277 2007 1489 2074 meritorum:
1512 2008 1645 2082 irenei,
1673 2009 1728 2086 lu·

619 2107 697 2203 stim·
719 2111 888 2200 maryris,
914 2105 1023 2200 Cyridr·
1054 2101 1340 2198 Hierofirfflmitani,
1370 2108 1527 2202 Origenir,
1563 2099 1727 2203 Athanasii,

626 2202 847 2302 Chrysossonii,
868 2206 1008 2288 Hilarii,
1031 2202 1209 2301 Artgujlini,
1232 2207 1429 2298 Hirrorymi,
1454 2202 1623 2302 Ambrosii,
1658 2209 1726 2302 Ca]-

621 2309 738 2406 fiodori
755 2327 853 2402 atque
873 2305 1015 2375 aliorum
1028 2327 1146 2400 opera,
1177 2327 1248 2398 quae
1266 2301 1360 2400 supra
1375 2302 1533 2398 sigillatim
1563 2328 1600 2374 ac
1616 2305 1724 2377 distin·

627 2409 681 2478 die
699 2410 860 2477 enarraui.
908 2411 1051 2476 Fuerunt
1066 2425 1217 2500 proterea
1241 2406 1327 2474 inter
1349 2408 1537 2499 interpretes
1558 2406 1642 2486 hot,
1668 2412 1726 2500 qui

546 2585 555 2596 ¹
627 2505 746 2601 scripta
768 2527 900 2602 patrum
927 2531 1003 2576 eum
1031 2509 1119 2574 notis
1148 2503 1285 2599 publicae
1318 2501 1382 2574 luci
1411 2529 1634 2600 exponerent,
1659 2504 1760 2579 sine·
1814 2543 1816 2552 ·

627 2607 752 2682 indicio
773 2611 949 2700 nominum
962 2605 1123 2682 luorumt
1143 2602 1210 2676 siue
1227 2627 1412 2698 anonyme,
1448 2628 1591 2703 quotum
1613 2607 1727 2681 itidem

628 2711 698 2780 iam
712 2728 808 2781 antea
826 2711 1030 2778 mentionem
1047 2704 1124 2777 feci.
1142 2703 1165 2750 '⁸‘

1092 2851 1137 2974 §.¹
1178 2887 1228 2961 v.

657 2999 843 3104 Plerique
877 3023 1029 3086 eorum,
1064 2995 1131 3102 qui
1163 3017 1308 3098 patrum
1332 2995 1461 3098 scripta
1493 2999 1725 3092 illustrarunt,

583 3102 786 3190 nonullae,
815 3099 885 3176 nili
910 3101 993 3178 suas
1023 3098 1266 3274 propriasque
1298 3117 1404 3174 notas
1442 3097 1516 3176 istis
1547 3105 1727 3182 adiunxe-

583 3223 686 3290 tunt3
720 3205 902 3278 nonnulla
939 3223 1065 3279 tamen
1119 3227 1225 3276 orum
1266 3198 1577 3281 monimentorum
1637 3222 1729 3284 notis

582 3309 783 3390 variorum,
819 3302 872 3377 vti
894 3300 1150 3402 adponuntur,
1175 3299 1370 3399 instruila,
1408 3305 1529 3378 lucem
1557 3265 1727 3404 adspexe-

582 3425 689 3498 tunt,
717 3431 798 3506 quae
813 3401 998 3480 editiones
1015 3427 1094 3476 nort
1113 3401 1231 3478 solum
1260 3401 1359 3476 vsum
1377 3399 1593 3481 huiusmodi
1618 3407 1728 3483 libro·

583 3533 665 3583 rum
690 3502 977 3582 commodiorem
994 3499 1172 3589 reddunt;
1194 3500 1256 3577 sed
1277 3527 1346 3600 prae
1362 3503 1441 3576 aliis
1462 3528 1615 3605 quoque
1636 3508 1727 3583 vtili.

582 3625 690 3686 tatem
712 3606 898 3708 probent,
922 3603 950 3680 st
975 3601 1125 3706 quidem
1160 3601 1345 3679 variorum
1391 3605 1727 3685 animaduersiones

539 3785 541 3792 ,
583 3733 668 3784 tutu
694 3705 833 3784 iudicio
854 3705 1067 3809 seliguntur.
1118 3701 1314 3816 Quasdam
1336 3723 1476 3779 tantum
1501 3705 1646 3782 istarum
1665 3708 1724 3784 ad·

584 3805 724 3885 duxisse
756 3805 916 3885 sufficiat.
966 3809 1097 3886 Ptaetet
1127 3809 1242 3904 altas,
1273 3828 1355 3905 quae
1391 3801 1613 3906 sequuntur,
1647 3833 1731 3909 pro·

584 3907 753 3988 dierunt:
827 3935 832 3944 ·
1084 3979 1089 3988 ,
1175 3933 1177 3938 ·
1389 3949 1392 3954 -

696 4045 1005 4100 rrurnrooneu
1035 4026 1225 4123 apologiam
1247 4021 1329 4094 liber
1342 4023 1382 4094 de
1398 4019 1634 4120 resurrrllione,
1653 4029 1730 4102 cnm

631 4131 722 4199 notis
756 4131 888 4221 integris
920 4130 1090 4197 variorum
1115 4129 1278 4219 nouisque
1316 4130 1557 4196 commentariis
1590 4134 1732 4203 Edrrardi

542 4233 546 4294 ἰ
631 4233 789 4312 Deciair,
814 4230 953 4299 oxoniae
973 4250 992 4299 e
1014 4229 1141 4298 theatro
1172 4224 1395 4299 Sheldoniano
1417 4244 1581 4305 MDccvt.
1603 4243 1637 4316 8.

627 4594 811 4678 *syllabum
839 4616 958 4670 eorum,
980 4594 1031 4674 qui
1061 4594 1245 4656 monimento
1267 4610 1381 4673 petrum
1405 4591 1525 4657 ecclefiae
1545 4596 1621 4658 nutis
1645 4614 1731 4677 etque

538 4743 543 4753 ‚
652 4667 951 4744 enimrdue'rsroni'bus
967 4675 1161 4753 illustrarunt,
1184 4678 1285 4746 itidem
1309 4679 1468 4740 litterarum
1489 4673 1592 4740 ordine
1616 4679 1730 4759 dispoli-

538 4775 545 4794 ·'
655 4781 741 4836 tum,
764 4751 880 4832 erthmet
897 4779 1057 4823 terrorve
1070 4757 1262 4838 fidediasmutr
1279 4759 1311 4820 dr
1328 4758 1496 4833 euerritur,
1517 4767 1565 4841 qui
1579 4761 1731 4843 descripto·

538 4851 545 4872 '·
593 4857 597 4864 '
654 4845 732 4908 rilint
746 4841 916 4924 etelfirslieir
934 4861 1065 4930 ogerum,
1085 4843 1226 4926 p151.sq
1257 4841 1344 4903 ridde:
1366 4844 1733 4909 rotttimroducliontniu

538 4951 545 4984 ··
656 4927 958 5014 nmiumfiriourun
973 4923 1199 5013 ecekfialltcorum
1216 4935 1327 5010 tmss.
1345 4922 1385 5012 sq.
1669 5003 1672 5009 Ι
1741 4967 1780 5013 4„

537 5140 556 5236 l,
