4650 5842
574 799 578 809 ,
623 760 706 841 283-
724 746 865 830 curvi·
881 744 1022 877 muno
1041 733 1218 832 unrnvu
1241 776 1464 833 uccruernu
1484 778 1783 864 autumnoue,

634 876 1774 905 ...--------—--—-..-.......

626 946 628 951 '
677 948 793 1028 pitter
816 934 898 1016 alia,
924 955 987 1031 que
1001 929 1162 1025 mtdtiiuga
1182 933 1352 999 eruditione
1369 926 1514 1026 sederim,
1528 934 1727 1030 ‚prostitere,
1746 960 1784 1004 tx
1813 934 1829 1023 u

577 1052 581 1061 '
666 1032 871 1137 scriptoribus
891 1050 922 1103 tt
940 1022 1062 1126 ilistoria
1078 1031 1242 1127 gentilium
1256 1056 1335 1102 ¹cum
1359 1038 1580 1131 antiquitatem
1597 1054 1630 1105 ct
1647 1042 1782 1106 emitu-
1810 1037 1829 1119 ἔ(

630 1184 633 1189 -
676 1144 778 1211 dinem
795 1137 950 1231 religionis
963 1134 1154 1210 ortiodoxet
1176 1149 1244 1201 tum
1268 1137 1438 1202 nouitatem
1456 1142 1699 1237 ,vastitatemque
1720 1142 1780 1209 etl·
1808 1141 1829 1183 Η

569 1238 586 1287 '.
632 1280 655 1303 -ι
673 1246 779 1310 nicee
799 1239 951 1325 communi
967 1227 1104 1302 omnibus
1116 1237 1250 1302 rationis
1269 1233 1334 1301 lum
1353 1243 1544 1331 argumentis
1565 1234 1699 1333 fitbindc
1722 1244 1776 1309 du.
1807 1242 1829 1286 :t

675 1341 752 1421 iiis,
776 1357 807 1408 et
825 1361 890 1437 qut
909 1341 943 1404 in
965 1340 1159 1403 contrarium
1183 1334 1305 1430 adferri
1328 1332 1492 1424 poterant}
1519 1344 1686 1435 repetatis,
1718 1364 1779 1410 non
1806 1340 1827 1387 ²

673 1447 776 1513 miuus
807 1437 934 1534 diſsue,
963 1459 1056 1533 quum
1083 1433 1186 1516 doiic,
1218 1434 1444 1529 oportunae*
1491 1444 1538 1509 lta
1570 1442 1638 1511 haec
1669 1443 1776 1527 diois,

676 1565 748 1613 non
762 1539 895 1611 obscure
916 1534 1255 1630 fignificauit‚'seesse
1269 1561 1402 1631 quoque
1423 1540 1620 1625 interillos,
1645 1546 1705 1639 qui
1720 1566 1778 1637 pa.
1807 1540 1829 1591 l·

633 1670 636 1677 ·
671 1665 735 1717 tres
763 1642 886 1711 ordinis
904 1636 983 1707 sacri
1001 1639 1107 1706 nimio·
1122 1636 1252 1737 honore
1270 1636 1437 1709 adficiunt.
1487 1642 1613 1711 Patebit
1636 1643 1672 1712 id
1690 1668 1779 1738 prte-
1806 1646 1829 1691 l·

633 1785 637 1793 ·
675 1748 769 1839 cipue
787 1766 826 1811 ex
847 1736 1096 1821 certaminibus,
1113 1735 1235 1832 quibus⁴
1257 1735 1421 1809 Callxtutn
1449 1745 1549 1812 etiam
1572 1744 1611 1813 de
1635 1744 1780 1815 auuort·
1798 1746 1829 1795 l:

602 1886 635 1906 ι·
676 1865 742 1917 tate
776 1846 909 1939 patrum
946 1833 1149 1935 disceptasse,
1176 1838 1320 1923 constat,
1364 1841 1648 1937 quemadmodum
1684 1842 1776 1917 insta
1800 1846 1817 1893 ’“·

672 1940 936 2017 monstrabimus.
1028 1996 1030 2001 .
1195 1962 1198 1969 ’
1552 1994 1555 1999 .
1804 1948 1814 1989 τ

701 2068 703 2073 ’
732 2079 753 2124 *
778 2082 860 2173 Qua
874 2077 909 2143 in
921 2069 1043 2169 scriptis
1059 2087 1190 2167 patrum
1200 2072 1269 2140 iure
1286 2072 1483 2168 reprehendi
1491 2095 1589 2173 atque
1607 2078 1779 2153 emendari
1805 2080 1822 2163 J„

670 2175 819 2279 poliunt,
844 2200 880 2243 ea
900 2177 980 2244 varii
1008 2172 1139 2268 quidem
1171 2176 1297 2265 generis
1328 2170 1425 2271 sunt,
1458 2179 1637 2248 commode
1665 2199 1778 2253 tamen
1804 2184 1829 2269 ζ

674 2287 711 2352 in
735 2302 796 2349 tres
822 2272 928 2345 classes
949 2273 1123 2342 diuidenda
1149 2271 1232 2341 sunt.
1254 2333 1257 2337 .
1283 2277 1390 2343 Prima
1405 2280 1569 2369 pertinent
1587 2280 1627 2347 ad
1653 2285 1779 2377 dogma-

632 2372 634 2377 ’
671 2401 707 2452 ta
716 2379 827 2477 sacro.
851 2400 922 2472 quae
940 2371 992 2444 vel
1006 2377 1113 2442 minus
1133 2362 1238 2449 redet
1278 2374 1328 2442 vel
1346 2400 1416 2443 non
1442 2374 1515 2446 satis
1539 2378 1696 2452 adcurate
1710 2401 1776 2457 tra·

673 2485 740 2552 dita
761 2478 854 2571 sum,
887 2481 987 2570 inque
1016 2494 1133 2545 eorum
1159 2469 1282 2567 scriptis
1301 2472 1379 2545 falsa
1399 2481 1540 2547 omnino
1557 2502 1690 2575 atquea
1719 2510 1772 2557 ve·

566 2602 568 2607 '
630 2576 633 2583 ’
672 2587 767 2654 ritate
794 2578 900 2648 aliena·
925 2573 1103 2657 habentur,
1138 2574 1419 2667 quemadmodum
1443 2576 1529 2647 infra
1563 2584 1767 2662 monstrabo.

670 2680 818 2755 Secunda
837 2676 980 2773 praebent
996 2672 1027 2744 se
1043 2678 1078 2743 in
1093 2677 1261 2757 ¹metizoti05
1283 2674 1347 2745 fiue
1362 2676 1467 2747 modo
1486 2685 1718 2775 proponendi,
1735 2691 1768 2757 in

631 2794 634 2801 '
669 2806 739 2881 quo
763 2778 960 2875 negligentes
981 2772 1136 2852 fuerumt
1161 2798 1223 2844 nec
1236 2776 1270 2844 id
1291 2799 1464 2862 curarunt,
1487 2802 1522 2851 vt
1547 2782 1656 2853 ordini
1676 2806 1779 2866 natu.

631 2878 634 2885 ’
672 2885 730 2956 tali
760 2880 941 2952 studerent:
966 2902 1014 2947 res
1038 2878 1255 2958 enarrandas,
1277 2878 1356 2971 quid
1381 2876 1441 2947 illae
1466 2878 1546 2964 snt,
1574 2881 1685 2955 sedulo
1715 2887 1784 2959 de-

667 2985 801 3056 finirent
815 3001 913 3073 atque
934 2976 1146 3072 explicarent:
1170 2975 1375 3070 probationis
1395 2976 1499 3049 caussa
1526 2980 1650 3076 semper
1670 3011 1773 3083 argu7
1801 3068 1812 3081 ,

671 3104 806 3164 menta,
835 3079 942 3149 debita
970 3075 1133 3172 probandi
1162 3080 1195 3146 vi
1233 3078 1386 3170 praedita,
1424 3079 1605 3154 adferrent:
1643 3089 1779 3181 regulas

632 3214 634 3225 ·
670 3188 756 3257 redle
770 3179 986 3252 ratiocinandi
1007 3176 1178 3269 diligenter
1195 3174 1427 3270 sequerentur:
1448 3184 1664 3257 arationibus
1691 3212 1772 3259 ora·

668 3290 761 3358 toriis
792 3280 1008 3351 abstinerent:
1038 3280 1203 3345 contraria
1226 3276 1413 3374 diuersaque
1436 3282 1580 3354 distinete
1602 3311 1783 3382 propone,

671 3408 763 3466 rent,
788 3406 859 3478 quae
881 3385 993 3450 omnia
1017 3377 1160 3471 negledla
1184 3375 1258 3449 sunt
1276 3403 1314 3449 ex
1338 3384 1526 3472 ignorantia
1545 3386 1781 3484 philosophia,

670 3488 820 3582 inprimis
840 3485 956 3550 maiori
980 3479 1084 3549 studio
1100 3482 1177 3548 artis
1199 3485 1370 3564 oratoriae;
1394 3508 1494 3578 quam
1512 3485 1638 3580 logicae.
1691 3495 1780 3560 Ter·

673 3594 719 3659 tia
738 3586 877 3678 denique
894 3580 1004 3651 referri
1028 3575 1159 3672 poliunt
1176 3579 1215 3647 ad
1228 3579 1355 3674 stilum,
1379 3607 1447 3680 quo
1460 3584 1552 3655 latini
1578 3611 1686 3682 patres
1698 3612 1780 3661 non

667 3711 784 3761 omnes
807 3682 895 3754 facili
914 3706 952 3750 ac
970 3674 1137 3776 perspicuo
1157 3678 1201 3750 vsu
1216 3681 1309 3758 sunto
1334 3680 1387 3752 sed
1418 3685 1581 3758 interdum
1607 3688 1774 3775 scribendi
1824 3754 1828 3763 .

668 3813 772 3886 genus
786 3783 1010 3855 ‘adhibuerunt
1034 3778 1208 3852 obscurum
1226 3807 1235 3861 3
1252 3783 1363 3853 alienis
1379 3786 1514 3855 vocibus
1531 3790 1743 3884 deprauarutu
1761 3813 1773 3856 ε

667 3888 835 3983 turgidum
864 3888 971 3953 nimis.
1008 3881 1707 3988 Exemplumpraebetrunrvuurnnve‚
1729 3894 1774 3963 de
1819 3886 1829 3967 ζ

666 3997 757 4060 cuius
790 3987 862 4058 stilo
886 4004 1154 4056 ‘ntcranrtvs
1185 3980 1312 4053 scribit:
1350 3988 1514 4076 Septimius
1544 4015 1662 4091 quoque
1694 3998 1773 4063 Ter·

666 4092 810 4163 tullianus
821 4089 895 4182 suit
923 4089 1007 4153 omni
1021 4104 1134 4179 guttere
1155 4082 1334 4155 litterarum
1346 4093 1487 4176 peritum
1505 4085 1561 4183 sod
1583 4096 1618 4160 in
1636 4092 1774 4193 eloquen-
1823 4084 1829 4095 ¹

666 4198 704 4264 do
721 4213 835 4282 ponem
846 4187 955 4281 facilis
984 4202 1016 4254 et
1034 4190 1136 4254 minus
1154 4203 1273 4255 conetur
1295 4205 1326 4254 tt
1346 4181 1475 4257 metitum
1489 4187 1629 4285 obscurus
1636 4192 1773 4290 suitff*

615 4322 617 4327 ’
718 4324 765 4389 d*
791 4316 980 4388 Nonnullos
1008 4319 1094 4388 inter
1125 4318 1259 4390 ecclesiae
1279 4342 1386 4417 patres
1418 4324 1487 4394 aliis
1512 4329 1697 4417 eruditione
1720 4350 1775 4400 at·

666 4447 731 4523 que
744 4423 881 4516 ingeniis
897 4414 1091 4515 prestitisse:
1114 4421 1353 4516 inscriptorum
1370 4423 1659 4521 superstitiosorum
1678 4432 1774 4502 libris
1820 4418 1827 4437 ’

887 4580 889 4585 .
1662 4532 1776 4605 versa·

615 4622 1773 4725 .................-.........,.............·..;...

681 4773 702 4815 *
717 4772 851 4852 adparatu
867 4770 1006 4855 theologie.
1023 4793 1052 4851 p.
1065 4786 1114 4851 35.

682 4872 717 4919 *θ
735 4871 798 4941 libr.
808 4893 837 4944 v.
850 4868 934 4952 instit.
950 4888 1007 4953 cop.
1018 4890 1042 4935 1.
