4650 5842
594 779 669 853 228
710 732 863 840 vcauur
891 763 965 863 ru:
996 779 1049 834 or
1077 772 1272 853 scancia
1297 767 1477 833 uarcvrr
1503 754 1730 867 pedresire

592 872 1802 912 ,,,...,.,...................-.....-..-.........

603 932 645 1017 id
671 926 879 1013 testimonia
899 931 1090 1032 pariterue
1108 934 1276 1030 exempla
1305 928 1512 1030 perspicue.
1529 926 1644 1019 5an
1664 928 1766 1029 post·

577 1061 647 1119 .ea
677 1032 841 1135 episcopi
869 1029 1014 1109 romani
1043 1029 1242 1111 sedatores
1268 1031 1417 1132 sequuti
1436 1032 1585 1109 suntne
1606 1027 1765 1133 quaudo

578 1174 580 1181 ·
603 1128 661 1217 illi
679 1136 720 1212 in
745 1133 850 1211 libris
868 1154 1014 1235 patrum
1034 1157 1078 1210 ea
1092 1138 1265 1235 legerunt
1323 1156 1404 1232 quae
1426 1128 1585 1211 ecclesia
1606 1150 1766 1221 romanae

604 1235 844 1339 dogmatibus
881 1255 993 1335 atque
1020 1232 1197 1312 institutis
1240 1192 1425 1313 aduersari
1453 1252 1652 1333 putarunt,
1686 1228 1767 1307 vim

609 1338 726 1439 atque
741 1335 916 1445 iniuriam
945 1334 1019 1409 illis
1040 1333 1179 1414 inferre
1210 1359 1253 1415 ac
1281 1337 1365 1415 soca
1385 1331 1607 1413 huiusmodi
1632 1326 1768 1435 depra-

600 1462 714 1559 nam,
735 1435 800 1515 fibi
815 1434 1030 1543 sumserunt.
1105 1496 1108 1507 ,

612 1592 624 1653 '.
714 1588 765 1655 De
789 1579 1030 1677 antiquioribus
1050 1568 1213 1652 ¹haereticis
1234 1577 1365 1650 abunde
1385 1604 1424 1652 ac
1450 1577 1631 1651 luculenter
1649 1578 1769 1651 testan-

616 1705 735 1757 =tur2
773 1704 1130 1766 turturinum,
1186 1703 1411 1777 ruscum,
1462 1704 1813 1765 urucourravn‘

656 1776 981 1864 averruncare,¹
1009 1805 1222 1871 nurture,
1282 1803 1553 1866 vrnucrurrvr
1589 1782 1766 1879 Ltrinenfis,

660 1892 759 1982 atque
780 1885 858 1969 alii,
885 1882 960 1953 illos
989 1904 1131 1983 patrum¹
1155 1881 1259 1983 libros
1284 1879 1471 1981 depravasse
1504 1879 1766 1978 dequeperfidia
1781 1915 1813 1991 ‚p

656 1986 721 2058 hac
745 1984 888 2057 multum
912 2004 1104 2081 queruntur.
1155 1981 1362 2077 singularem
1382 2005 1519 2079 operam
1538 1984 1578 2054 ad
1591 2007 1767 2078 argumen·
1800 2044 1803 2053 .

617 2108 619 2115 ’
659 2078 1079 2180 rumhoc'explanandum
1097 2082 1246 2155 adhibuit
1270 2106 1654 2155 rauruorouarvs'
1670 2106 1770 2156 eut.
1799 2076 1806 2127 '=

542 2188 546 2203 “
623 2198 627 2205 “
660 2210 836 2260 ruourvs
873 2180 921 2254 in'
944 2182 1043 2255 librox
1059 2183 1101 2257 de
1135 2179 1292 2255 veteribus
1324 2187 1490 2266 hareticir,
1513 2184 1770 2283 ecclesiasticorum
1801 2247 1811 2269 „

621 2298 624 2305 ’
662 2274 802 2358 codicum
825 2280 1075 2376 comptorum
1098 2283 1222 2355 Parisiis
1244 2302 1439 2361 nuceum.
1461 2298 1496 2368 8.
1536 2310 1606 2381 quo
1629 2285 1770 2357 ostendit
1801 2280 1813 2375 ζ]

660 2392 820 2485 primum,
836 2402 959 2457 vereret
979 2386 1148 2456 haereticos
1174 2382 1340 2456 sacrorum
1360 2383 1515 2457 codicum
1530 2381 1676 2457 exstitisse
1696 2411 1771 2457 cor·
1796 2370 1813 2473 ,ξ

663 2507 836 2584 ruptores;
862 2484 980 2557 deinde
1007 2505 1117 2557 autern
1144 2483 1367 2581 comprobat,¹
1388 2508 1460 2554 non
1485 2510 1589 2581 pauca
1623 2485 1772 2558 ecclesia·
1805 2478 1813 2539 -’

623 2601 627 2607 ’
660 2588 741 2660 stica'
760 2585 876 2682 scripta
899 2585 941 2657 ab
957 2586 1074 2658 iisdem
1095 2586 1253 2661 hereticis
1280 2584 1458 2656 adulterata
1477 2580 1571 2657 fuisse
1585 2586 1776 2685 horumque
1794 2580 1813 2673 ιζ

662 2683 824 2761 malitiosa
845 2678 972 2771 studia,
992 2706 1125 2782 patrum
1140 2689 1347 2758 monimenta
1361 2672 1680 2781 corrurnpendipab
1697 2686 1771 2785 ipsu
1810 2684 1813 2705 ¹

626 2795 628 2799 ’
664 2810 814 2861 veterum
834 2786 1083 2858 christianorum
1109 2785 1302 2858 doctoribus
1330 2786 1520 2885 reprehensa
1542 2782 1614 2859 esse.
1663 2794 1773 2861 Natus
1809 2784 1813 2873 ¹.

626 2898 632 2909 “
664 2886 1367 2985 estliberhicexlite‚'quaeouanouro'
1402 2911 1479 2959 curn
1509 2912 1772 2983 rrrrtocov·
1810 2896 1813 2908 '

666 3010 848 3061 accurro
864 2986 942 3064 suit.¹
992 2992 1109 3085 Quum
1123 2990 1212 3058 enim
1227 2986 1338 3071 illeso.
1352 2987 1554 3059 Mobilsonio
1576 3009 1676 3084 atque
1690 2990 1774 3087 aliis,
1801 3016 1806 3029 ·

665 3093 758 3187 quia
781 3087 927 3185 partibus
947 3090 1015 3157 eius
1036 3087 1163 3158 stabant
1182 3088 1478 3185 auctoritatemque
1502 3114 1541 3159 ac
1559 3088 1659 3160 fidem
1679 3092 1775 3161 codi-

564 3224 569 3237 =
628 3206 630 3215 '
667 3214 746 3261 curn
760 3186 998 3272 defendebant,
1018 3192 1135 3259 acriter
1148 3187 1179 3259 se
1193 3211 1378 3284 opponeret
1388 3189 1519 3297 iraeque
1530 3187 1702 3262 occasrone
1716 3192 1777 3262 ad.
1811 3232 1813 3237 ·

568 3308 571 3313 ’
664 3289 835 3372 firmaret,
856 3287 986 3359 codices
1009 3289 1173 3385 quosdam
1193 3289 1443 3383 ¹manuscriptos
1474 3290 1687 3363 corbeienses
1701 3318 1776 3365 non

667 3395 761 3461 omni
781 3387 960 3484 suspicione
978 3385 1049 3458 fassr
1070 3392 1242 3474 carere‚.*
1289 3386 1431 3462 caussam
1451 3389 1641 3463 Mabiuonii
1725 3421 1776 3483 ¹v.

670 3514 880 3562 srnurrvs
900 3494 966 3583 egit
987 3515 1025 3558 ac
1044 3494 1197 3560 vindicias
1215 3487 1493 3587 manuscriptorum
1514 3496 1673 3577 codicum,¹
1688 3520 1775 3591 quos

667 3594 868 3662 Germonius
894 3595 1169 3685 impugnamur,
1185 3596 1221 3662 in
1243 3591 1349 3663 lucem
1365 3591 1487 3671 edidit;
1517 3618 1699 3667 ounnou
1712 3621 1724 3665 r
1735 3622 1775 3667 vs

668 3715 779 3764 autem
801 3691 975 3787 postquam
991 3691 1200 3776 decreuerat,
1222 3697 1375 3763 vindicius
1392 3692 1462 3762 illas
1480 3693 1639 3779 refutare,
1666 3721 1777 3792 operae

665 3797 807 3892 pretiutn
827 3788 887 3862 esse
906 3792 1014 3876 duxit,
1041 3814 1187 3864 veterum
1205 3796 1432 3865 haereticorum
1449 3792 1601 3882 fraudes,
1622 3801 1661 3869 in
1681 3799 1784 3883 codi-¹

609 3911 615 3923 “
669 3894 761 3964 cibus
784 3892 946 3962 librorum
968 3890 1134 3965 sacrorum
1152 3916 1250 3991 atque
1275 3901 1311 3964 in
1332 3894 1455 3990 scriptis
1487 3917 1619 3991 patrum
1647 3899 1777 3970 adulte.

668 3993 779 4065 randis
802 3993 981 4076 adhibitas,
1006 3995 1180 4089 detegere,
1204 3997 1355 4091 hancque
1369 3995 1414 4067 ob
1432 3994 1572 4068 caussam
1590 4019 1694 4075 antea
1705 4026 1775 4071 rne.

668 4114 836 4165 moratum
853 4092 972 4164 librum
990 4092 1200 4175 decretoribus
1220 4101 1391 4179 hereticis,
1417 4097 1674 4193 ecclrtustr'corum
1695 4107 1777 4173 codi-

666 4219 737 4295 cum
769 4191 1019 4283 corruptoribus,
1044 4194 1229 4292 conscripfit
1250 4218 1348 4294 atque
1370 4203 1407 4268 in
1428 4199 1537 4269 lucem
1549 4199 1666 4279 emisit.
1737 4260 1740 4267 .

724 4329 962 4421 Haereticorum
985 4353 1086 4423 praua
1103 4328 1250 4423 exempla
1271 4329 1396 4428 sequuti
1411 4327 1484 4399 sunt
1499 4328 1684 4427 pontificii,
1708 4355 1777 4405 me·

666 4424 720 4493 dia
733 4449 803 4494 non
813 4425 915 4496 solum
926 4453 935 4504 ς
945 4427 996 4497 sed
1010 4434 1190 4503 recentiore
1201 4454 1334 4529 quoque
1348 4450 1441 4501 aetate
1455 4455 1493 4498 ac
1506 4435 1688 4523 temeritate
1703 4456 1779 4503 nra.

663 4523 799 4623 ditiaque
819 4527 971 4625 impulsi,
995 4551 1126 4625 patrum
1141 4530 1258 4626 scripta
1273 4531 1513 4603 adulterarunt.
1562 4537 1676 4630 Qram
1700 4557 1778 4627 per.

631 4673 633 4677 ·
1495 4654 1500 4661 ’
1659 4632 1777 4708 fidiam

1120 4748 1123 4763 Ι

532 4868 541 4881 ”
644 4881 662 4925 *
679 4879 717 4947 de
730 4899 814 4952 retur.
828 4902 886 4969 reg.
899 4881 1011 4966 ,Fratre
1033 4885 1174 4970 optorto.
1204 4889 1401 4991 distem-1¹·
1424 4910 1534 4981 9344·
1635 4934 1637 4939 ’
