4650 5842
587 841 593 858 ,.
625 811 645 822 ι·
672 781 833 854 zenone,
863 776 1091 834 arternum
1124 770 1374 834 annotetur
1398 769 1577 836 norati.
1590 774 1606 806 1·
1636 801 1638 808 ·
1663 776 1744 860 ⁴99

605 944 706 1010 ‚citas
727 922 839 1007 omnir
862 933 899 1004 fit
910 927 1110 1029 prescripta:
1132 927 1272 1025 effigiem
1286 934 1438 1003 mentiri:
1462 933 1625 1032 adpetere,
1642 943 1736 1038 quod

607 1041 738 1128 ‘darum
761 1062 832 1107 non
856 1035 905 1108 srr.
941 1032 1062 1104 ..Addit
1082 1031 1183 1104 ueluti
1199 1054 1328 1103 nouum
1352 1056 1603 1127 argumentum,
1632 1040 1733 1141 firspi.

576 1199 580 1214 ,
622 1146 756 1224 cionem
790 1136 1002 1233 impudicitia
1033 1128 1098 1206 esse.
1137 1133 1325 1212 vitandame
1368 1156 1430 1205 nee
1464 1136 1507 1208 ad
1536 1140 1732 1235 pudicitiam

574 1283 592 1316 ;,
623 1241 832 1312 christianam
860 1234 1023 1318 sufficere,
1040 1255 1078 1304 vt
1113 1231 1169 1304 illa
1200 1238 1237 1316 in
1267 1234 1402 1329 pesiore
1428 1232 1560 1311 semina
1587 1249 1730 1318 omuino

566 1342 684 1438 ¹„lir3
711 1339 768 1411 sed
797 1332 920 1409 necesse
946 1323 1090 1434 'quoque
1126 1329 1207 1420 eisc,
1240 1352 1276 1406 vt
1305 1332 1364 1406 ista
1389 1334 1538 1411 videatur
1567 1342 1653 1415 calla
1687 1371 1728 1421 ac

617 1442 756 1543 pudica:
912 1438 919 1451 '
1035 1451 1070 1534 ”ss
1204 1515 1206 1520 ,
1516 1497 1556 1509 ,.
1656 1441 1751 1540 5st

679 1562 894 1613 crrurrur
938 1534 1021 1608 liber
1059 1534 1099 1605 de
1128 1528 1476 1633 labitu'virgitmm,.
1502 1538 1727 1641 vbivirginet
1794 1571 1798 1577 ·

572 1631 593 1644 ”
618 1646 790 1727 hortatur,
823 1662 858 1710 vr
890 1636 931 1707 ab
954 1640 1046 1720 inani
1081 1634 1172 1705 cultu
1199 1660 1239 1706 ac
1271 1642 1363 1708 vanis
1398 1648 1600 1716 ornamentis
1630 1647 1729 1722 absti.
1807 1691 1809 1694 .

566 1731 570 1738 ’
620 1766 740 1822 neant:
769 1766 880 1813 veram
907 1742 1118 1808 continentia
1139 1761 1179 1807 ac
1202 1736 1362 1833 pudicitia
1380 1737 1512 1812 laudent
1529 1741 1588 1816 fibi
1613 1752 1729 1821 conci·

575 1869 595 1896 -·
618 1847 721 1920 lient:
748 1846 862 1913 omnia
877 1839 1027 1934 fugiant,
1051 1863 1122 1936 qua
1151 1838 1303 1909 homines
1326 1839 1368 1909 ad
1395 1863 1513 1934 prauae
1531 1847 1727 1943 cupiditates

584 1969 721 2043 ¹atque
739 1944 781 2014 ad
806 1963 937 2038 peccata
959 1944 1121 2017 incitaret
1177 1964 1252 2009 eum
1274 1958 1384 2012 autem
1408 1942 1450 2012 ad
1478 1947 1563 2016 iram
1588 1970 1628 2018 ac
1681 1975 1731 2022 α.

578 2074 681 2119 ..nas
711 2043 905 2139 infligendas
932 2064 1145 2111 commouere
1166 2036 1298 2140 pofflnt.
1350 2041 1471 2130 Addit,
1493 2043 1730 2134 sedandaeffe

566 2135 568 2142 ’
611 2137 742 2221 ¹aererna
763 2171 800 2215 ac
822 2144 954 2213 diuina:
981 2140 1181 2212 imitandum
1197 2140 1373 2214 christum:
1395 2146 1537 2239 virginet
1561 2171 1634 2220 non
1655 2152 1732 2247 glo·

578 2315 583 2324 ,
622 2254 700 2332 riari
718 2248 834 2317 debere
856 2244 896 2312 de
916 2244 979 2313 suis
1009 2241 1130 2311 diuitiis
1147 2240 1323 2337 iubetque,
1361 2242 1497 2316 vestium
1513 2246 1732 2343 insigniant.

591 2347 595 2352 ’
618 2351 761 2448 gligcre:
801 2340 957 2416 cerussam
983 2366 1054 2412 non
1078 2340 1245 2444 'adhibere
1265 2342 1307 2412 ad
1329 2365 1458 2430 nouum
1483 2339 1636 2423 colorent·
1652 2375 1731 2425 cor.

566 2450 568 2454 ’
620 2457 696 2549 pori
719 2446 953 2527 adferendum,
978 2447 1159 2540 quoniam,
1185 2442 1241 2514 vbi
1261 2442 1328 2514 hoc
1347 2442 1427 2531 fiat,
1452 2445 1731 2548 deua,quic01.

615 2579 681 2650 pus
696 2549 909 2628 intumuerit,
933 2544 1208 2640 reprehendatur:
1235 2548 1411 2617 cumvirir
1440 2545 1557 2622 balnea
1577 2574 1660 2624 non
1678 2578 1729 2627 ce·

591 2643 753 2726 ¹labrare.
807 2648 958 2743 speciant
979 2647 1044 2714 huc
1075 2643 1138 2714 alia
1163 2642 1312 2741 quadam
1341 2650 1499 2742 Cypriani
1533 2648 1733 2750 scripta‚at.

586 2817 593 2836 ,
621 2778 688 2852 que
706 2759 739 2821 in
756 2753 807 2821 hia
825 2749 865 2819 de
882 2772 971 2838 opert
989 2764 1022 2816 rt
1042 2742 1246 2841 elemosinis,
1282 2770 1351 2841 quo
1369 2747 1488 2820 multas
1506 2773 1544 2819 ac
1558 2758 1731 2846 grauiores
1821 2794 1827 2802 ·

619 2859 766 2929 rationes
784 2847 946 2931 recenset,
972 2843 1017 2918 ob
1039 2871 1120 2942 quas
1146 2845 1367 2918 misericordia
1387 2871 1426 2918 ac
1448 2848 1625 2924 liberalitas
1645 2875 1729 2952 erga

616 2979 777 3056 pauperes
808 2948 1019 3022 monstranda
1046 2947 1104 3033 fit,
1131 2950 1212 3019 item
1230 2946 1312 3018 liber
1328 2948 1368 3018 de
1382 2949 1447 3018 zelo
1467 2951 1630 3037 nlimre„
1643 2980 1730 3029 con.

617 3082 671 3129 tra
703 3054 1008 3149 inuidiam,.quam
1057 3042 1337 3122 detestabileaesse
1376 3053 1493 3122 virium
1505 3087 1532 3139 ·,·
1548 3052 1731 3140 luculenter

618 3156 832 3230 monstratur.
1229 3174 1231 3180 ·
1400 3202 1407 3214 ·

682 3277 918 3330 rvcvsrrur
946 3249 1021 3323 libri
1050 3249 1119 3322 duo
1140 3249 1182 3328 de
1204 3254 1353 3347 magiis
1383 3252 1567 3328 mutonis
1603 3262 1646 3329 ad
1663 3259 1731 3333 Pol

566 3358 769 3450 flentium,
796 3353 915 3453 quibus
937 3351 1039 3422 Paulli
1068 3350 1168 3424 verba
1194 3350 1456 3451 sententiamque
1487 3355 1528 3430 de
1556 3364 1730 3455 coniugio,

591 3455 595 3460 ’
619 3485 635 3532 1
653 3463 793 3530 Corinth.
804 3477 866 3529 vu.
892 3452 1028 3526 illullrat
1048 3450 1256 3549 disputatque
1278 3451 1319 3523 de
1334 3453 1481 3527 diuortio
1499 3482 1539 3529 ac
1555 3459 1612 3531 de
1635 3486 1729 3558 qua.

577 3587 583 3596 ·
612 3562 795 3641 stionibua,
818 3581 889 3653 qua
912 3554 954 3623 ad
973 3553 1054 3624 illud
1072 3551 1234 3650 spectant:
1258 3576 1341 3626 num
1361 3554 1543 3629 diuortium
1562 3557 1633 3632 fieri
1649 3560 1728 3659 pos·

616 3661 658 3732 fit
682 3660 769 3758 sque
797 3659 832 3730 id
866 3655 992 3727 saelum
1014 3651 1070 3736 fit,
1105 3679 1189 3726 nom
1211 3654 1328 3747 liceat,
1363 3678 1491 3729 nouum
1522 3663 1729 3735 matrimonii

591 3759 726 3836 ·foedus
753 3765 850 3831 inire.
903 3756 1096 3827 Prodierunt
1118 3754 1194 3826 libri
1222 3756 1257 3828 hi
1287 3778 1359 3825 non
1392 3755 1498 3830 solum
1528 3764 1573 3831 in
1598 3788 1729 3837 annv-

618 3887 743 3936 arrut
765 3853 930 3953 operilus;
954 3854 1124 3926 sedetiam
1147 3855 1321 3951 separatim
1339 3880 1416 3927 cum
1435 3861 1481 3928 lo.
1500 3861 1645 3932 Seliltcrt‘
1662 3889 1729 3935 no-

616 3968 683 4047 ris,
706 3968 787 4034 lenae
811 3975 1073 4049 MDcxcvlll.4.
1122 3957 1255 4028 Exstant
1277 3956 1440 4027 nonnulla
1460 3958 1523 4032 alia
1552 3963 1727 4057 Augustini

611 4063 754 4161 scripta,
779 4086 850 4157 quat
869 4059 912 4129 ad
944 4055 1058 4126 locum
1075 4055 1165 4127 hunc
1182 4056 1296 4131 referri
1314 4055 1432 4135 solent.
1480 4065 1520 4132 In
1539 4060 1591 4136 hir
1618 4064 1673 4136 cll.
1683 4064 1727 4136 li.

610 4165 671 4238 ber
695 4164 735 4235 de
750 4165 925 4240 mendacio,
960 4180 1029 4253 quo
1051 4156 1204 4252 explanat
1224 4157 1386 4229 mendacii
1402 4179 1557 4236 naturam
1575 4187 1615 4236 ae
1632 4166 1727 4261 post.
1780 4188 1784 4194 ·

610 4290 714 4364 quam
755 4263 967 4359 quaestionem
995 4257 1188 4353 proposuit:
1218 4279 1299 4329 num
1326 4257 1537 4332 mendacium
1563 4263 1671 4337 dicere
1685 4264 1727 4337 li·
1814 4321 1818 4330 .

566 4402 569 4410 ·
612 4373 708 4437 caat?
732 4367 810 4434 uelo
824 4360 1094 4458 xmendaciorum
1113 4380 1234 4452 genera
1264 4358 1406 4431 recenset
1432 4381 1532 4458 atque
1559 4362 1727 4451 adfirmat,

579 4515 587 4525 -
611 4451 798 4563 numquam
819 4460 880 4535 esse
898 4458 1134 4534 mentiendum.
1183 4461 1273 4532 Idem
1285 4458 1395 4533 statuit
1410 4459 1498 4532 libro
1512 4482 1622 4536 eontra
1639 4490 1725 4537 men·

608 4572 734 4640 dacium
755 4570 797 4634 ad
814 4563 1021 4660 Consentium.
1069 4558 1257 4654 Respondet
1273 4559 1320 4630 ibi
1343 4562 1384 4632 ad
1399 4560 1534 4659 scripta,
1562 4590 1635 4661 qua
1664 4565 1725 4663 ipsi

610 4668 822 4740 diiudicanda
844 4663 972 4735 miserat
986 4659 1181 4731 Consentius
1203 4663 1243 4732 de
1258 4660 1446 4732 adhibendo
1471 4662 1528 4736 vsu
1560 4666 1725 4738 mendacii

609 4770 656 4842 ad
678 4768 878 4862 detegendos
907 4763 1044 4878 latentes
1087 4759 1356 4932 Prpscillianisiat,
1396 4762 1508 4860 quise
1541 4766 1725 4941 ‘wlff‘

569 4935 579 4944 .
919 4947 924 4954 ,
1154 4882 1213 4942 ¹2
1461 4931 1469 4944 ,
1693 4893 1725 4957 θ,
