4650 5842
709 790 1123 880 annumeremini
1143 755 1396 848 'rnuoroern
1426 766 1621 844 norim..
1669 777 1740 865 481
1796 813 1799 821 ·

689 950 742 1020 Ad
771 955 910 1039 primam
927 940 1055 1016 classem
1070 942 1182 1012 referri
1203 929 1335 1037 possunt
1357 949 1658 1018 vcommentationes
1673 934 1740 1031 'eo-

580 1124 582 1128 ,
622 1053 698 1129 rum
718 1048 910 1128 homiletica,
941 1051 988 1115 ita
1012 1044 1202 1139 conscriptae
1222 1067 1261 1119 ac
1277 1047 1437 1128 recitate,
1458 1062 1500 1139 jvt
1519 1046 1658 1144 vel'ipsa
1682 1075 1739 1122 ea.
1787 1094 1789 1099 -

567 1186 573 1199 ·
625 1134 703 1219 rum
722 1168 915 1244 argumenta
936 1144 1001 1217 fint
1026 1144 1165 1215 moralia
1188 1138 1236 1213 *ac
1255 1168 1345 1228 nunc
1371 1144 1412 1217 de
1425 1147 1597 1225 virtutibus
1606 1154 1620 1233 '3
1641 1152 1756 1227 nune

625 1250 669 1319 de
690 1254 796 1328 vitiisa
816 1248 947 1320 nuncde
975 1245 1089 1318 officiis
1114 1245 1281 1318 erc-ethica
1305 1269 1348 1329 ae
1375 1249 1628 1345 iurisprudcntia
1650 1252 1738 1342 chri.
1761 1312 1775 1329 ,,

620 1350 725 1425 stiana
754 1371 948 1446 exponatur.
996 1345 1150 1440 Exempla
1183 1344 1280 1440 nobis
1304 1346 1469 1440 praebent:
1503 1373 1740 1442 orroeurs,

627 1474 885 1522 transertos
924 1454 1037 1544 Syrum
1089 1469 1458 1544 eastervsmagnur‚
1496 1474 1741 1531 eaneorrvr

574 1578 576 1583 ·
622 1548 1306 1653 lllyffenus,eureoarusilazianzrnm‚
1344 1554 1748 1645 uacrrrvmnru,
1814 1559 1816 1563 ’

592 1699 595 1703 -
623 1677 859 1735 sosroruvs,
900 1672 1109 1723 craterus
1136 1649 1383 1733 Alexandrinus,
1411 1674 1601 1725 strictus
1635 1661 1735 1732 Seleia

576 1832 582 1839 ,
623 1753 725 1850 cicnfis
741 1774 840 1849 atque
856 1751 928 1835 alii,
951 1750 1071 1848 quibus
1091 1773 1129 1819 ex
1146 1749 1255 1820 latinis
1272 1750 1353 1820 addi·
1361 1747 1517 1850 possuntt·
1533 1780 1734 1835 arovsrr.

627 1878 733 1935 uus,
771 1878 989 1938 nnxrmss,
1032 1851 1437 1951 reruvs'Clupyologrts,
1478 1876 1556 1924 ero
1590 1854 1807 1959 'magum-g

572 1950 582 2003 ἶ
621 1959 675 2025 De
702 1955 833 2049 reliquis
867 1976 972 2029 taceo.
1022 1951 1077 2022 Ad
1112 1946 1241 2021 classem
1261 1952 1428 2047 secundam
1461 1953 1646 2030 referendas
1667 1960 1732 2038 esse

622 2057 770 2127 existimo
793 2058 1091 2128 commentationes
1113 2058 1301 2148 exegeticon
1326 2053 1390 2125 srue
1408 2055 1472 2125 islae
1496 2057 1538 2126 ad
1564 2063 1732 2157 integrum

617 2157 762 2234 librum3
790 2157 854 2228 sue
870 2158 911 2227 ad
928 2156 1100 2250 singularia
1126 2150 1223 2224 effata
1243 2156 1366 2225 codicis
1391 2155 1483 2226 sacri
1496 2156 1729 2252 spesientpita

608 2260 790 2341 ¹institutae,
814 2281 850 2343 vr
861 2264 1052 2354 interpretes
1077 2276 1147 2326 non
1163 2249 1271 2326 solum
1289 2251 1355 2353 ipsa
1377 2256 1462 2326 didla
1484 2258 1595 2349 diuina
1612 2265 1729 2363 expia.
1818 2268 1820 2272 “

611 2360 794 2438 ἰιειιετὶηῑς
816 2359 869 2430 sed
897 2357 990 2429 simul
1014 2378 1148 2454 quoque
1171 2355 1440 2450 monstrauerint,
1465 2362 1643 2454 quomodo
1672 2367 1727 2442 illa
1821 2380 1823 2384 '

616 2459 663 2538 ad
681 2459 847 2531 sandlioris
867 2465 939 2532 vita
956 2459 1059 2530 studia
1077 2456 1138 2525 fint
1156 2455 1350 2530 adhibenda.
1375 2460 1512 2533 Accedit
1533 2462 1634 2535 claffis
1658 2486 1727 2539 ttr-

615 2566 666 2632 tia
682 2563 813 2658 hacque
836 2561 1063 2658 compledlimr
1091 2556 1388 2631 commentationes
1415 2564 1621 2659 dogmaticae,
1644 2589 1727 2665 qua-

621 2687 698 2732 rum
717 2687 754 2732 ea
776 2663 821 2732 est
838 2667 945 2746 ratio,
973 2683 1009 2731 vr
1024 2658 1321 2759 praeterdogmatis
1344 2660 1579 2756 expofitionem
1603 2667 1725 2765 digress
1756 2748 1759 2755 ,

617 2761 731 2833 fiones·
744 2763 884 2833 morales
900 2762 1090 2843 exhibeant,
1109 2783 1147 2826 ac
1160 2758 1301 2855 denique
1322 2760 1424 2831 claffis
1446 2774 1591 2860 quoque
1658 2791 1723 2856 rear
1748 2772 1750 2776 ’

618 2869 941 2933 commentationum
962 2868 1083 2959 quippe
1098 2858 1327 2954 historicarum,
1351 2862 1470 2958 quibus
1486 2872 1600 2964 exemp
1615 2895 1633 2939 a
1651 2872 1723 2944 san·
1749 2897 1752 2901 ·

580 2965 750 3034 'diorum
773 2966 813 3034 ad
832 2966 1029 3036 imitandum
1051 2983 1126 3030 ante
1147 2960 1261 3049 oeulos
1279 2961 1380 3058 posta
1405 2960 1489 3039 sunt.
1539 2971 1721 3046 Methodur
1825 3015 1830 3046 ·.

615 3065 684 3135 hac
708 3067 982 3160 paradigmatico,
1005 3061 1142 3135 moralia
1169 3064 1336 3147 tradendi,
1361 3064 1402 3134 ab
1431 3069 1470 3135 iis
1503 3069 1645 3142 adhibita
1663 3075 1720 3160 esi,
1785 3120 1787 3126 .
1816 3145 1819 3149 .

621 3171 680 3262 qui
700 3172 782 3236 vitas
801 3190 915 3262 resque
931 3172 1098 3249 virorum,
1117 3164 1214 3235 laude
1235 3168 1392 3238 virtutum
1410 3191 1449 3237 ae
1464 3174 1657 3244 meritorum
1679 3177 1721 3250 de

615 3271 750 3338 ciuitate
765 3269 939 3338 christiana
963 3287 1062 3362 atque
1085 3263 1226 3336 aliorum
1249 3269 1380 3359 piorum
1405 3267 1640 3345 acsanstorum
1656 3277 1720 3348 ho·
1760 3349 1763 3359 ,

580 3408 584 3415 ·
616 3373 745 3440 minum
764 3369 876 3439 litteris
905 3371 1104 3453 mandarunt
1129 3389 1169 3435 ac
1190 3371 1396 3439 monimenta
1421 3369 1490 3441 hae
1516 3376 1639 3468 ingenii
1655 3401 1721 3471 po.
1823 3452 1826 3457 ,

613 3469 704 3540 lieris
723 3470 948 3559 tradiderunt,
971 3492 1006 3540 vt
1023 3469 1182 3539 haberent
1200 3467 1245 3540 illi
1261 3469 1432 3565 exempla,
1458 3495 1528 3568 quac
1552 3475 1719 3572 sequeren-

614 3591 683 3646 tur.
737 3578 819 3641 Sunt
843 3576 878 3642 in
909 3571 1041 3643 illorum
1066 3593 1224 3653 numero,
1250 3574 1307 3667 qui
1340 3596 1390 3643 res
1420 3574 1604 3669 primorum
1632 3580 1720 3652 chri·

612 3673 816 3744 stianorum:
840 3672 979 3769 insrgnes
1014 3694 1130 3746 eorum
1153 3673 1313 3742 virtutes:
1352 3676 1469 3745 eximia
1497 3674 1718 3775 sandiimoniae
1796 3726 1799 3731 ·

612 3772 1054 3846 documentaenarrarunt:
1084 3773 1141 3867 qui
1169 3771 1335 3867 speciatim
1360 3773 1571 3863 ¹desenfioner
1596 3778 1718 3856 horum
1750 3788 1780 3874 Ι·
1814 3816 1816 3820 ’

611 3874 721 3945 christi
741 3874 934 3947 sedatorum
952 3874 1142 3971 scripserunt
1160 3872 1289 3970 hacque
1310 3873 1482 3946 occasione
1507 3903 1546 3948 ex
1561 3878 1718 3971 laudabili
1796 3930 1799 3935 ·

587 3994 727 4046 ‘eorum
746 3977 877 4047 viuendi
900 3982 1029 4049 ratione
1044 3972 1249 4072 probarunt,
1270 3975 1351 4046 illos·
1370 3971 1431 4046 esse
1449 3982 1651 4052 ‘innocentes
1675 4008 1718 4056 ac
1781 4050 1791 4062 ,
1827 4053 1830 4058 ,

608 4081 765 4147 omnium
795 4082 952 4150 vitiorum
980 4081 1241 4170 criminumque,
1268 4099 1412 4174 quorum
1437 4077 1595 4151 malitiose
1616 4084 1719 4155 adeu-

608 4174 745 4260 sentur,
768 4178 865 4273 plane
884 4199 1027 4275 expertes
1053 4174 1131 4247 esse:
1149 4179 1206 4271 qui
1220 4176 1290 4246 aeta
1313 4198 1493 4277 martyrum
1515 4181 1719 4278 collegerunt

611 4301 653 4347 ac
670 4300 837 4362 curarunt,
848 4297 884 4356 vt
903 4278 958 4349 illa
971 4278 1012 4348 ab
1024 4282 1158 4349 interitu
1173 4276 1331 4348 vindicari
1345 4277 1474 4373 possent
1489 4304 1527 4350 ae
1545 4281 1719 4378 diligenter
1743 4370 1745 4374 μ
1774 4292 1776 4299 ’

605 4376 795 4472 legerentur
813 4379 941 4475 publice
952 4399 990 4449 ae
1003 4372 1176 4475 priuatim5
1197 4381 1254 4473 qui
1270 4397 1423 4473 praterea
1442 4378 1594 4474 fingulari
1609 4382 1729 4469 studio·
1763 4379 1785 4438 ss

568 4520 578 4537 .=
602 4476 814 4575 ¹conscriptas
841 4485 923 4551 vitas
949 4479 1125 4552 celebrium
1146 4499 1283 4577 parrum
1315 4479 1450 4551 ecclesiae
1474 4506 1512 4551 ac
1529 4479 1719 4560 sanderum

607 4581 782 4653 ediderunt
800 4601 898 4678 atque
915 4587 949 4651 in
962 4580 1169 4652 orationibus
1182 4577 1276 4649 sacris
1289 4587 1486 4652 memoriam
1504 4582 1636 4662 illorum
1652 4607 1720 4681 po.

579 4681 699 4754 *fletis
719 4678 1006 4757 commendarunt.
1061 4687 1130 4780 Qui
1162 4681 1351 4751 huiusmodi
1381 4679 1552 4777 scriptores
1573 4687 1717 4762 morales
1764 4743 1766 4752 .

609 4783 808 4865 exstiterint:
832 4809 904 4883 quae
925 4782 1116 4885 reliquerint
1133 4784 1349 4865 monimenta,
1358 4778 1453 4880 supra
1467 4789 1672 4874 *memoraum
1776 4829 1798 4849 2

1537 4960 1541 4969 ,
1587 4881 1728 5013 cue
1764 4983 1787 5008 .-

1612 5065 1821 5138 ,k
