4650 5842
762 795 1069 867 THEOlOGiCIS,
1105 800 1280 863 nnxtnu
1312 808 1598 877 ooonnrtctn
1644 820 1739 900 531
1782 865 1790 879 ,

575 989 580 998 ’
602 1011 604 1018 ·
630 978 826 1079 quemnemo
845 970 963 1064 fieret:
988 972 1079 1069 quod
1101 958 1281 1045 defenderit
1306 974 1448 1048 caettbem
1466 980 1567 1047 vitam
1588 976 1736 1051 sacerdo·

631 1098 705 1145 tum
743 1085 840 1167 atque
872 1076 1119 1156 existimauerit,
1152 1096 1262 1166 preces
1292 1077 1424 1168 popuii,
1452 1098 1514 1168 pro
1535 1081 1644 1148 anima
1676 1082 1732 1152 de·

575 1188 579 1195 '
630 1174 739 1245 fundis
759 1180 802 1242 im
829 1180 963 1242 er'atoris
988 1173 1197 1243 Constantini
1219 1153 1384 1244 addeum
1417 1156 1537 1257 fassas,
1566 1173 1760 1257 effesani,

632 1275 782 1344 dandas:
843 1270 946 1342 ssenos
964 1270 1054 1343 fuisse
1074 1270 1285 1346 christianos:
1305 1273 1410 1367 plures
1439 1272 1573 1348 extitisse
1597 1281 1730 1373 aposto·
1747 1341 1751 1352 ,
1807 1317 1809 1322 ·

572 1450 585 1471 ο
629 1373 823 1468 sos,·quam
844 1374 1037 1443 duodecim:
1064 1373 1246 1467 Philippum
1270 1372 1441 1466 augustum
1462 1376 1579 1447 christo
1605 1381 1730 1453 nomen
1754 1362 1768 1386 K

629 1469 771 1555 dedisse,
804 1473 988 1542 cuiusmodi
1014 1472 1173 1541 nonnulla
1213 1474 1275 1543 alia
1321 1494 1502 1557 memorat,
1523 1502 1593 1570 qute
1617 1500 1728 1553 autem

626 1579 743 1645 omnia
773 1572 833 1641 nec'
854 1573 997 1643 eiusdem
1021 1577 1202 1651 momentit
1224 1598 1286 1646 nec
1315 1577 1423 1669 aperte
1446 1576 1559 1660 vitiosa
1585 1576 1677 1677 sunt,
1702 1580 1727 1653 ti

578 1707 583 1719 ’
630 1674 765 1771 quidem
781 1678 839 1742 rite
860 1676 1093 1765 intelligantur.
1739 1677 1743 1694 ⁸

669 1836 825 1883 ,aruau
838 1837 979 1896 astos,
1003 1809 1098 1910 quiri
1122 1810 1290 1883 nonnullis
1312 1816 1478 1885 variorum
1497 1840 1648 1911 errorum
1668 1815 1728 1889 ad·

626 1912 778 1997 cusatun,
809 1909 948 1982 tribuisse
970 1939 1044 1983 eum
1059 1912 1187 1983 homini
1211 1914 1349 1983 naturali
1373 1919 1408 1983 in
1436 1916 1530 1986 rebus
1555 1916 1727 2012 spirituali·
1759 1932 1762 1938 ’

626 2013 687 2084 bus
705 2014 776 2107 plus
791 2065 804 2095 ,,
820 2039 919 2107 quam
950 2038 1008 2107 par
1024 2012 1077 2094 srt,
1103 2036 1200 2108 arque
1218 2012 1423 2101 existimasse,
1442 2015 1567 2086 fauens
1587 2015 1647 2088 esse
1675 2023 1729 2088 in·
1762 2015 1770 2028 ⁰

612 2115 822 2193 umanum,
847 2118 923 2205 quia
956 2114 1033 2183 deus
1056 2112 1172 2199 inillis
1198 2112 1339 2184 habitet:
1389 2117 1619 2186 Adamum'ac
1645 2140 1727 2189 cete·
1789 2132 1794 2159 ⁹

580 2204 592 2230 ³
620 2212 678 2286 tos
696 2215 886 2282 antechristi
901 2212 1077 2282 aduentum
1092 2211 1205 2306 salutis
1224 2214 1309 2283 haud
1329 2211 1500 2311 participes
1515 2214 1723 2290 fastos¹esset
1806 2224 1809 2230 ’

567 2357 577 2411 '.
623 2312 829 2402 nonnullos,
851 2312 955 2405 segem
980 2312 1159 2382 naturalem
1179 2312 1359 2394 seruando,
1392 2315 1490 2385 deum
1525 2315 1581 2385 srbi
1611 2320 1745 2415 propi?

628 2420 712 2484 tium
728 2410 915 2483 reddidisse:
935 2413 1130 2483 sacramenta
1146 2418 1260 2483 veteris
1277 2414 1456 2505 testamenti
1479 2438 1606 2488 tantum
1619 2416 1738 2513 -srgni··
1813 2504 1815 2507 Ι

625 2510 754 2590 ficasse3
779 2538 847 2581 nou
871 2510 1038 2583 contulisse
1065 2519 1223 2607 gratiam:
1247 2512 1316 2583 freti
1349 2516 1492 2584 hominis
1520 2515 1724 2588 iustificatio-

624 2639 703 2685 nem
722 2615 880 2698 diuersam
899 2609 1097 2708 variamque.
1146 2608 1311 2703 Numerus
1336 2614 1524 2685 huiusmodi
1549 2605 1722 2692 naeuorum

623 2714 708 2785 iusto
741 2714 881 2808 amplior
907 2714 1110 2783 constituitur
1150 2713 1310 2809 huiusque
1333 2718 1377 2783 rei
1410 2711 1514 2784 cauffo
1542 2718 1619 2800 ess,
1642 2724 1721 2815 quia

627 2839 698 2884 non
714 2820 826 2883 omnia
848 2814 1012 2883 Athanasii
1030 2811 1127 2884 effata
1150 2815 1233 2884 reste
1259 2811 1480 2909 explica'ntur3
1504 2814 1555 2885 v'el
1576 2816 1722 2889 testimo.

575 2913 596 2982 .’
622 2920 679 2986 nia
700 2938 738 2985 ex
766 2918 803 2983 iis
830 2914 917 2983 libris
942 2914 1128 2997 sumuntur,
1153 2939 1297 3011 quorum
1326 2913 1379 2983 ille
1411 2915 1497 2984 haud
1528 2918 1642 2987 audior
1663 2920 1720 2993 est.

624 3020 714 3099 Eum*
740 3019 827 3089 enim
863 3010 1163 3109 putasse'‚.sandios
1203 3010 1263 3083 esse
1295 3017 1522 3099 impetendos,
1558 3021 1720 3111 quoniam

580 3181 584 3188 .
624 3116 703 3186 deus
721 3118 754 3182 in
771 3114 830 3183 illts
852 3115 992 3197 habitet,
1016 3115 1136 3211 verba,
1159 3138 1230 3220 qpae
1251 3114 1498 3210 producuntur,
1517 3137 1644 3187 tantum
1664 3120 1722 3190 ab·

567 3287 590 3304 Ἀ
622 3213 684 3296 est,
714 3236 748 3284 vt
768 3213 924 3307 probent;
952 3237 986 3286 vt
1002 3221 1199 3286 contrariam
1216 3217 1361 3314 indicent
1374 3213 1582 3286 sententiam
1603 3224 1721 3315 Quum

584 3402 589 3414 Ι
627 3320 715 3387 enim
732 3314 869 3409 disputat
893 3313 1041 3386 aduersus
1067 3341 1143 3399 eos,
1179 3318 1252 3411 qui·
1269 3312 1463 3398 adfirmant,
1487 3316 1639 3389 christum
1657 3317 1719 3392 esse

609 3414 793 3487 -h'ominem
811 3436 843 3485 et
864 3414 961 3496 deum
982 3420 1017 3485 in
1037 3441 1077 3487 eo
1097 3417 1226 3486 tantum
1243 3414 1412 3498 habitare,
1441 3440 1477 3483 ac
1495 3426 1636 3500 monete·
1655 3420 1719 3492 hae

624 3522 754 3589 ratione
774 3519 857 3584 inter
878 3517 1028 3587 christum
1048 3540 1080 3587 et
1100 3540 1161 3586 nos
1190 3514 1316 3585 nussum
1350 3514 1410 3584 esse
1443 3514 1720 3600 discrimenrvti·
1816 3520 1818 3524 ’

584 3605 590 3615 ’
629 3638 683 3687 tur
702 3638 894 3709 argumento
917 3617 993 3690 κατ’
1015 3614 1186 3715 ἄνθρωπον
1203 3618 1334 3709 haecque
1351 3614 1496 3685 subiicit:
1531 3630 1719 3715 quapropter
1777 3656 1779 3660 ·

567 3739 570 3743 ⁴
610 3718 771 3817 finderet
796 3720 944 3785 stominem
974 3716 1130 3811 cinisium,
1155 3711 1288 3821 eoquod
1320 3710 1365 3783 isi
1393 3711 1543 3801 inhabitet
1573 3720 1623 3786 dei
1640 3714 1720 3791 'oer-

585 3899 588 3906 .
619 3813 711 3899 bum,
734 3840 797 3886 ona
824 3841 915 3905 opera
938 3822 1035 3887 adora
1051 3840 1168 3915 qnoque
1185 3815 1328 3910 jansson,
1343 3810 1380 3884 ob
1400 3819 1508 3899 derant,
1530 3821 1586 3915 qui
1612 3821 1645 3887 in
1658 3820 1722 3890 attis.

618 3919 804 3989 domicilium
831 3912 959 3986 naim*
1008 3922 1090 3986 Eum
1108 3939 1210 4010 porro
1227 3920 1316 3984 varia
1339 3914 1572 3985 iustificationis
1598 3921 1720 4011 genera

585 4011 589 4016 ⁵
619 4014 776 4103 statuisse,
801 4018 914 4087 itidem
945 4019 1031 4088 haud
1059 4019 1195 4111 pianum
1216 4013 1310 4097 fieri;
1344 4039 1403 4084 nec
1436 4018 1566 4107 probari
1602 4022 1718 4111 potest.

618 4119 729 4215 Quod
756 4119 840 4194 hanc
869 4122 905 4213 in
936 4143 1004 4188 rem
1033 4118 1237 4211 producunt,
1275 4114 1494 4185 testimonium
1526 4114 1718 4193 nuliius”'est

616 4222 790 4291 momenti.
842 4223 921 4313 Agit
936 4219 979 4287 ibi
1001 4215 1194 4287 Athanasius
1224 4228 1293 4285 non
1329 4214 1369 4283 de
1390 4213 1638 4297 iustificationet
1662 4216 1717 4292 sed

616 4319 657 4390 de
696 4317 838 4414 porsessa
879 4342 910 4388 et
945 4318 1038 4413 plena
1066 4318 1235 4386 seruatoris
1270 4314 1369 4386 nostri
1394 4313 1605 4387 redemtione.
1659 4324 1719 4389 Di·

617 4425 663 4490 cit
692 4423 800 4489 enim:
834 4418 1020 4517 qteaproptee
1063 4422 1182 4509 peceati
1222 4416 1499 4485 condemnationem
1529 4420 1563 4483 in
1607 4433 1718 4492 terra:

612 4521 726 4611 piaculi
735 4547 749 4601 ;
765 4521 828 4615 [me
846 4518 1062 4614 exsecrationis
1094 4513 1288 4588 abolitionem
1315 4523 1351 4585 in
1380 4516 1481 4612 ligna:
1502 4525 1719 4609 corruptionis

1131 4618 1178 4687 Lt
1206 4638 1228 4690 2
1601 4624 1719 4690 redem-

584 4774 781 4791 *-
984 4760 1719 4805 *mu-...q

567 4867 677 4934 fide
692 4872 876 4939 incarnation.
896 4867 977 4940 verbi
994 4845 1246 4958 diflidens-lum·
1267 4879 1379 4956 2'593·
1487 4935 1490 4940 ·
