4650 5842
630 760 709 848 498
767 753 910 833 onrvr
932 765 1036 831 xrtt.
1059 766 1111 822 nn
1137 767 1315 827 raunvu
1337 766 1506 829 uectura
1531 772 1797 835 nevntrront

531 973 537 987 .
639 1010 641 1015 Ι
689 966 792 1023 ,mu
806 941 932 1013 mandit
957 904 1068 1008 oratio
1087 931 1128 1004 de
1139 928 1255 1028 fleerdis
1268 926 1391 1032 semper
1412 938 1549 1028 peccatis
1576 941 1620 1011 ad
1641 938 1798 1021 mettio

593 1086 598 1097 ›
680 1074 762 1128 mu
775 1051 869 1138 vita,
1023 1110 1027 1119 .
1649 1057 1657 1064 ”

1140 1159 1178 1246 §-
1225 1147 1293 1233 vt.

643 1302 661 1373 j
702 1294 706 1307 '
756 1285 858 1364 Inter
904 1290 1021 1354 atrum
1049 1271 1206 1350 ecclefia
1224 1268 1353 1371 scripta
1365 1272 1520 1383 moralia
1537 1268 1624 1352 sunt
1642 1277 1803 1352 nonnul·-

557 1396 562 1409 “
645 1394 704 1481 la,
732 1410 813 1490 qua
841 1301 901 1458 al
913 1374 1223 1476 imprudentiam
1244 1374 1403 1451 diurnam
1421 1373 1632 1472 pertinent,
1665 1377 1713 1454 ad
1735 1374 1796 1453 dis·

647 1495 683 1573 ci
711 1490 825 1566 linam
846 1481 957 1564 illam,
980 1500 1055 1576 qua
1083 1473 1130 1552 de
1151 1472 1298 1575 legibus
1333 1473 1396 1551 dei
1414 1473 1549 1574 'deque
1576 1476 1710 1552 officiis
1741 1475 1797 1554 ho·

645 1613 793 1675 nunum
824 1576 1039 1681 exponitur,
1075 1575 1126 1651 ita
1150 1572 1377 1675 conscripta,
1406 1593 1444 1652 vt
1479 1575 1519 1650 in
1558 1576 1641 1655 aliis
1667 1576 1796 1664 moion

645 1696 691 1775 in
709 1691 789 1773 aliis
818 1683 940 1761 minor
974 1673 1155 1752 industria
1190 1672 1342 1776 probata
1378 1673 1420 1752 fit
1448 1700 1490 1753 ac
1524 1679 1799 1757 commentatio·

645 1819 716 1876 nes
742 1810 845 1869 nunc
879 1777 1091 1882 longiorem
1116 1800 1219 1854 nunc
1246 1774 1438 1854 breuiores
1472 1774 1733 1857 exhibeantur.

634 1910 647 1986 ¹-
758 1929 963 2018 Argumenta
984 1912 1245 2011 iurisprudentiae
1270 1912 1454 2012 apartibus
1478 1913 1615 1985 ecclefiae
1646 1912 1728 2013 saepe
1750 1939 1797 1988 ex·

643 2018 649 2027 ¹
720 2029 851 2105 lanata¹
869 2017 943 2091 sunt
969 2014 1081 2089 obla'ta
1113 2015 1302 2099 occasione,
1345 2014 1396 2086 vel
1420 2018 1456 2084 in
1487 2014 1632 2087 homiliis
1675 2041 1713 2087 ac
1740 2015 1797 2088 set.

560 2178 566 2215 -‚
698 2126 878 2206 monibust
915 2117 967 2191 vel
994 2121 1029 2188 in
1071 2115 1394 2213 interpretationibus
1431 2113 1664 2210 scripturatum
1700 2116 1796 2188 sacra.

645 2218 650 2223 ’
701 2230 796 2305 rums
828 2221 879 2296 vel
908 2220 975 2291 alio
1009 2236 1159 2314 tempore
1195 2240 1293 2317 atque
1325 2222 1594 2312 opportunitare3
1616 2218 1796 2289 cuiusmodi

643 2320 648 2331 ’
703 2351 818 2405 tamen
837 2322 952 2423 scripta
972 2322 1105 2390 omitto.
1157 2323 1273 2417 Qtum
1293 2336 1325 2389 et
1344 2315 1496 2398 fuerunt,
1521 2322 1577 2440 oui
1599 2342 1638 2388 ex
1658 2319 1794 2389 instituto

605 2441 614 2506 .”
699 2425 961 2524 iurisptudentiae
990 2416 1107 2489 diuina
1132 2415 1240 2491 lucem
1268 2417 1452 2503 adferrent,
1481 2417 1522 2488 ad
1550 2418 1674 2491 horum
1695 2423 1794 2492 moni.

695 2549 810 2609 menta
835 2519 1015 2597 enarranda
1036 2542 1089 2591 me
1119 2541 1292 2593 conuetto.
1342 2523 1425 2589 Sunt
1455 2519 1532 2590 ista:

591 2664 594 2671 '
644 2724 648 2731 ,
748 2663 1055 2720 retroierunt
1091 2637 1175 2710 libet
1211 2636 1468 2735 depannatis,
1492 2660 1561 2734 quo
1598 2658 1716 2713 contra
1747 2640 1830 2715 illal

580 2755 585 2763 '
698 2745 841 2845 disputat
861 2765 959 2839 atque
982 2739 1415 2823 ostendit,„chtistianotum
1444 2735 1590 2817 officium
1615 2737 1695 2824 else,
1722 2764 1793 2819 tta

645 2916 648 2927 .
702 2849 788 2925 ludis
811 2846 859 2916 his
878 2841 1097 2919 abhorreantt
1120 2865 1181 2913 nec
1204 2865 1320 2913 totum
1338 2839 1398 2910 fint
1416 2837 1622 2937 speslatores.
1675 2840 1792 2914 Vtsen·
1828 2860 1830 2871 ·

698 2953 838 3025 tentiam
868 2943 958 3016 suam
971 2939 1113 3038 probet,
1139 2966 1210 3012 nou
1238 2940 1343 3013 solum
1371 2941 1422 3011 ad·
1438 2965 1475 3011 ea
1510 2938 1706 3037 respondet,
1730 2968 1790 3042 qua

697 3075 762 3151 pto
777 3041 960 3145 spesiaculis
985 3038 1201 3121 adseruntutt
1231 3040 1398 3115 sedetiam
1420 3039 1559 3112 recenset
1584 3047 1679 3119 ,varia
1706 3071 1792 3141 argu·

622 3160 649 3232 ’,
701 3173 834 3232 menta,
861 3136 931 3242 qu'ae
946 3141 1006 3245 illis
1033 3152 1228 3239 repugnant.
1313 3149 1350 3212 In
1375 3142 1437 3213 illis
1464 3141 1606 3239 sumtum
1632 3145 1677 3214 esi
1696 3147 1790 3246 quod·

701 3253 782 3325 dam
815 3274 834 3319 a
862 3247 1025 3342 baptismo
1054 3243 1186 3328 nostro,
1219 3269 1287 3341 quo
1313 3268 1374 3313 nos
1410 3247 1705 3318 renuntiauerimus
1732 3249 1788 3318 dia·

645 3397 647 3408 ·
701 3351 785 3425 bolo
821 3336 857 3419 et¹
881 3369 1010 3443 pompae
1041 3365 1074 3415 et
1109 3343 1231 3438 angelis
1253 3349 1343 3428 eius,
1368 3369 1424 3441 per
1446 3343 1717 3438 ‘consequentiam
1749 3368 1788 3419 et·

693 3458 763 3526 iam
776 3445 978 3549 spehaculis,
1003 3470 1107 3540 quum
1131 3445 1247 3516 illaad
1281 3469 1439 3541 pompam
1461 3436 1584 3516 diaboli
1603 3454 1786 3541 pertineant.

694 3559 744 3625 Ita
770 3572 905 3648 quoque
937 3544 991 3615 alii
1026 3566 1172 3616 veretum
1208 3541 1470 3616 christianorum
1487 3545 1640 3617 dodiores
1666 3553 1727 3622 hac
1754 3549 1787 3619 de

698 3671 735 3727 re
754 3653 917 3730 statuunt,
949 3645 1150 3743 Theophilus
1180 3648 1428 3731 Antiochenus,
1453 3651 1670 3744 Cyprianus,
1692 3653 1787 3743 Chry.

649 3824 651 3828 .
695 3753 877 3834 soslomus,
900 3746 1099 3843 Epiphanius
1129 3770 1227 3844 atque
1243 3747 1315 3826 alii;
1339 3773 1400 3817 nec
1426 3747 1467 3818 ab
1485 3773 1550 3830 eo,
1578 3754 1787 3846 quodvetum
1824 3814 1830 3819 .

693 3855 763 3938 est,
800 3849 977 3924 discedunt.
1051 3847 1186 3919 Diuersa
1207 3871 1299 3918 erant
1329 3850 1448 3919 horum
1464 3847 1723 3945 spesiaculorum
1740 3878 1785 3949 ge·

611 3952 613 3959 ¹
693 3979 784 4026 nera.
835 3950 961 4023 Reletri
980 3968 1011 4018 et
1031 3949 1095 4018 hue
1116 3949 1221 4043 potest
1247 3973 1540 4021 rearvntrnnr
1568 3950 1652 4024 liber
1671 3954 1712 4026 de
1736 3953 1785 4024 cul

667 4072 729 4149 ¹tu
745 4057 954 4151 feminarum.
1026 4049 1181 4142 Intelligit
1211 4075 1268 4147 per
1300 4051 1414 4118 cultum
1447 4071 1607 4122 ornatum
1649 4059 1785 4153 corporis

693 4160 828 4251 eiusque
849 4152 1012 4247 partium,
1040 4175 1078 4220 ac
1110 4155 1216 4220 varias
1247 4156 1389 4221 tationes
1410 4175 1557 4236 enarrat,
1578 4178 1637 4225 cur
1667 4156 1786 4228 femina
1826 4184 1830 4253 1

692 4254 787 4327 illum
803 4253 891 4322 haud
913 4251 1022 4321 scitari
1044 4249 1209 4342 debeant,
1233 4257 1310 4346 quia
1343 4251 1383 4320 de
1412 4276 1509 4321 carne
1543 4253 1706 4346 gloriari,
1738 4281 1786 4329 ne·

693 4359 777 4428 mini
807 4350 920 4424 liceat:
949 4355 1026 4447 quia
1065 4352 1100 4420 id
1132 4374 1151 4438 a
1182 4349 1314 4422 feminis
1349 4353 1528 4422 curandum
1557 4353 1617 4438 srr,
1650 4380 1687 4429 vt
1721 4358 1785 4430 solis

680 4457 817 4527 maritis
837 4452 1008 4547 placeant:
1038 4455 1115 4548 quia
1135 4451 1199 4522 deo
1223 4451 1415 4548 displiceant
1446 4477 1590 4551 eumque
1618 4461 1786 4556 reprehen-

638 4554 647 4571 “
691 4557 789 4641 dant,
826 4578 897 4650 quae
931 4573 1038 4622 cutem
1075 4551 1319 4623 medicamentis
1351 4575 1496 4647 vngant,
1530 4580 1631 4649 genas
1675 4560 1786 4631 rubore

634 4738 636 4743 ,
682 4656 870 4736 maculent,
896 4654 1012 4722 oculos
1036 4650 1376 4747 fuliginecolhnant:
1412 4660 1490 4749 quia
1530 4664 1672 4732 nomine
1709 4665 1786 4731 chn'·

683 4759 790 4830 iliano
815 4752 996 4848 indignum
1011 4751 1068 4838 fit,
1093 4754 1204 4833 sistam
1218 4753 1339 4830 faciem
1357 4755 1479 4850 gestare
1489 4811 1501 4845 ,
1528 4759 1649 4855 quibus
1669 4761 1785 4858 simpli-

978 4902 981 4911 ,
1176 4900 1180 4907 ·
1218 4898 1221 4905 ·
1710 4885 1784 4935 crtas

1813 5088 1830 5181 l
