4650 5842
607 731 613 748 ³
667 745 845 853 ¹sunau,
870 737 1369 856 ernerrrru'ranoeoons
1403 761 1586 846 nortun
1619 775 1728 865 :485
1751 824 1779 865 ,·
1815 843 1819 852 ,

571 889 1724 923 *Μ

581 943 588 998 1
620 951 679 1044 qui
698 944 860 1028 velimus,
887 943 932 1015 ibi
953 966 1026 1032 non
1043 944 1099 1019 est.
1139 947 1192 1014 ‘ln
1213 951 1318 1034 primo
1344 940 1430 1015 libro
1460 942 1501 1014 de
1528 941 1724 1038 padagogo,

615 1049 675 1143 qui
693 1046 730 1117 stt
746 1044 832 1116 iilius
847 1044 917 1126 dei,
940 1049 1074 1142 eiusque
1105 1043 1240 1120 officio:
1267 1044 1308 1115 de
1338 1043 1524 1141 discipulisa
1545 1040 1611 1115 fiue
1638 1043 1722 1114 chri·
1802 1062 1804 1068 ’

551 1210 555 1222 .
615 1150 746 1238 idianis,
768 1149 825 1243 qui
843 1145 946 1225 abeo
958 1143 1127 1217 erudiendi
1145 1143 1237 1233 suut,
1263 1146 1369 1242 deque
1382 1144 1452 1234 aliis
1468 1143 1565 1216 rebus
1580 1139 1720 1215 dilletitr
1769 1171 1772 1180 ·

606 1247 741 1347 secundo
763 1248 914 1317 hortatur
934 1247 1125 1317 christianos
1144 1246 1187 1317 ad
1207 1249 1515 1342 temperantiam-in
1539 1243 1635 1327 cibo,
1661 1258 1725 1340 po·'

615 1372 674 1432 tu,
695 1346 902 1445 suppellediili
935 1343 1114 1432 uasorum,
1148 1352 1333 1432 conuiuiis,
1373 1346 1460 1418 risu:
1486 1341 1536 1416 ad'
1558 1342 1736 1417 abstinen·'

614 1456 696 1521 tiam
712 1449 753 1521 ab
777 1452 872 1518 omni
900 1453 986 1543 turpi
1011 1444 1199 1520 sermones
1219 1448 1261 1520 ab
1286 1452 1462 1545 vnguentis
1496 1468 1530 1518 et
1561 1451 1718 1517 coronis:
1753 1503 1759 1516 .

557 1623 561 1629 ,
613 1551 826 1622 astratorum
844 1548 1087 1643 magnificentia
1105 1554 1276 1649 nimioque
1292 1549 1434 1621 somno:
1463 1545 1611 1644 acalceis
1633 1570 1717 1617 auro
1785 1581 1788 1594 =

612 1655 815 1722 intertextis:
835 1650 876 1725 ab
894 1673 1091 1721 ornamento
1099 1673 1311 1748 ¹gemmatum
1320 1672 1331 1735 3
1376 1656 1477 1722 tertio.
1492 1669 1601 1720 autem
1615 1671 1724 1745 expo·

612 1758 663 1823 nit
681 1750 1036 1847 decultuficorporis,
1076 1751 1219 1837 balneis,
1244 1754 1370 1823 diuitiis
1401 1773 1500 1849 atque
1532 1743 1625 1834 aliis,
1644 1771 1718 1846 quai
1802 1785 1814 1813 ·.

610 1856 758 1925 eiusdem
779 1855 906 1946 generis
933 1850 1017 1923 sunt.
1068 1857 1136 1946 Cur
1157 1854 1312 1944 Clemens
1336 1853 1455 1925 librum
1474 1852 1563 1922 hunc
1580 1853 1730 1947 padago-x

606 1977 686 2052 gum
699 1950 910 2036 inscripserit,
935 1954 1060 2044 iudicat
1078 1949 1132 2025 ille
1147 1958 1245 2052 initio
1258 1955 1333 2025 libri
1350 1957 1471 2053 primi,
1495 1951 1537 2023 ab
1562 1954 1629 2034 iis,
1655 1952 1714 2047 qui
1769 2002 1777 2040 ,.

611 2056 751 2151 pristinis
784 2054 958 2130 erroribus
977 2056 1124 2138 reiedlis,
1148 2055 1364 2146 proireptico,·
1391 2052 1457 2125 fiue
1486 2052 1713 2145 exhortatorio

555 2181 560 2194 ’
610 2157 716 2235 libro,
738 2174 834 2225 antea
862 2152 1002 2251 scripto,
1022 2155 1046 2226 sr
1071 2155 1145 2227 satie
1161 2157 1305 2228 inllrudii
1321 2156 1507 2226 dodlrinam
1533 2151 1714 2242 christiane
1747 2151 1749 2157 ’

610 2258 779 2352 religionis
815 2252 1067 2349 cognouislent‚
1096 2280 1192 2340 nunc
1214 2261 1408 2356 padagogmn
1432 2254 1608 2351 legendum
1638 2249 1720 2351 elle„
1793 2345 1795 2350 Ι

550 2416 552 2419 ,
611 2381 700 2428 vtex
723 2382 764 2448 eo
793 2356 943 2451 videant,
969 2357 1144 2453 quomodo
1170 2362 1289 2455 prioris
1319 2364 1538 2453 ‘vitaepeccata
1559 2379 1598 2423 ac
1630 2356 1735 2434 uitia*

606 2460 669 2530 srnt
679 2455 883 2529 emendanda
899 2482 909 2536 3
937 2460 1198 2530 l'andliorautem
1218 2459 1352 2532 uiuendi
1367 2462 1452 2529 ratio
1469 2454 1707 2553 ampledlenda.

607 2566 670 2634 Per
700 2564 895 2654 pedagogum
921 2559 1074 2653 intelligit
1103 2559 1278 2645 christum,-
1307 2548 1364 2657 qui
1385 2556 1423 2630 fit
1457 2553 1544 2629 filius
1579 2555 1655 2639 dei‚·
1672 2560 1709 2628 in

574 2684 707 2758 -quem
724 2659 851 2730 nullum
873 2658 971 2731 cadat
994 2678 1186 2755 peccatum:
1212 2685 1276 2731 uos
1306 2684 1348 2730 ne
1377 2682 1571 2759 peccemus,
1601 2656 1708 2752 paeda·
1737 2647 1740 2660 ’
1798 2721 1801 2737 ,

583 2785 699 2857 ¹gogo
717 2784 781 2830 nos
801 2760 964 2842 instituat,
988 2783 1025 2831 vt
1043 2754 1171 2831 bomo:
1206 2760 1518 2857 qui¹homines,·vt
1543 2746 1706 2829 creaturae
1802 2829 1805 2837 ,

606 2862 679 2933 suas
706 2884 804 2933 amet.
854 2861 984 2952 Exstant
1015 2885 1156 2957 quoque
1187 2860 1262 2932 libri
1285 2861 1491 2957 stromarron,
1511 2880 1655 2955 quorum
1671 2878 1704 2931 et

558 3029 560 3034 ,
604 2967 884 3033 commemoratio
916 2960 986 3031 fieri
1002 2962 1142 3057 potest,
1166 2961 1328 3059 quoniam
1356 2966 1393 3034 in
1425 2961 1487 3032 illis
1507 2979 1641 3055 quoque
1663 2959 1706 3033 de

601 3063 699 3135 rebus
721 3062 899 3157 moralibus
919 3068 1093 3157 exponitur
1114 3062 1282 3159 multaque
1300 3084 1458 3159 praecepta
1485 3059 1527 3130 de
1553 3059 1701 3132 moribus

599 3189 640 3235 ac
655 3168 721 3237 vita
738 3164 822 3235 redle
836 3164 1030 3244 instituenda
1049 3163 1240 3253 habentur,'·
1248 3162 1412 3261 speciatim
1435 3163 1476 3234 de
1490 3159 1580 3231 libris
1601 3160 1702 3232 eden·

601 3266 677 3349 dis,
705 3265 745 3336 de
765 3263 819 3361 spe
841 3289 881 3336 ac
908 3267 1063 3347 caritate,
1085 3264 1126 3336 de
1148 3268 1387 3361 matrimonio,
1414 3261 1455 3337 de
1469 3313 1472 3319 ,
1486 3264 1717 3352 continentias

597 3369 778 3462 martyrio,
801 3390 917 3440 amore
939 3387 1015 3459 erga
1042 3368 1195 3436 inimicos
1225 3387 1325 3463 atque
1358 3365 1427 3435 aliis
1446 3364 1583 3458 generis¹
1603 3362 1700 3433 huius
1727 3369 1730 3376 “

597 3468 811 3561 argumentis.
861 3472 934 3536 Nec
952 3465 1097 3540 eiusdem
1122 3461 1265 3538 libellus:
1297 3472 1367 3567 quir
1381 3469 1466 3537 diues
1475 3461 1607 3560 sadotem
1629 3486 1702 3533 cors·
1770 3501 1773 3512 ·

587 3564 679 3667 sequi
693 3564 808 3666 pofflt?
826 3567 923 3664 plane
952 3566 1153 3638 omittendus
1176 3566 1248 3662 est,
1275 3591 1382 3664 quum
1419 3564 1472 3636 ille
1499 3567 1544 3634 ita
1565 3561 1700 3659 scriptus
1724 3633 1742 3660 ,Ι
1775 3635 1777 3639 ,

595 3669 664 3753 est,
691 3691 732 3739 vt
745 3667 842 3740 facile
856 3672 1027 3760 materiam
1045 3671 1173 3764 piarum
1191 3667 1454 3739 meditationum
1476 3663 1647 3760 praebeat}
1663 3664 1701 3735 ut
1757 3716 1761 3744 ‚
1815 3734 1817 3742 ,

599 3774 675 3867 pios
697 3774 816 3839 mentis
836 3791 947 3840 motus
960 3771 1098 3860 excitare
1114 3768 1232 3863 polilt,
1255 3768 1312 3839 vbi
1330 3771 1358 3840 is
1376 3791 1452 3837 cum
1468 3764 1577 3836 debita
1593 3784 1696 3835 arten-⁴

596 3874 691 3940 tione
710 3871 848 3965 legatur.
902 3870 1098 3939 Dodlrinam
1116 3868 1298 3953 moralem,
1324 3892 1424 3965 quam
1449 3870 1485 3936 in
1517 3863 1606 3955 libris
1634 3862 1698 3935 suis
1743 3948 1745 3956 y

597 3966 752 4066 scriptam
769 3970 865 4040 nobis
912 3969 1072 4064 reliquit,'
1088 3994 1159 4044 uon
1190 3968 1287 4067 plane
1314 3988 1478 4064 expertem
1497 3962 1558 4037 elle
1584 3989 1697 4036 naeuo·

597 4070 782 4155 tnm‚satis
810 4071 856 4142 est
878 4069 1115 4166 monstratum,
1141 4071 1252 4166 postea
1272 4068 1414 4161 anobis
1436 4089 1571 4164 quoque
1601 4086 1698 4137 enar·
1735 4067 1744 4086 ‘
1805 4117 1807 4128 .

595 4171 748 4244 randum.
798 4176 1024 4242 Communem
1044 4196 1120 4243 cum
1136 4169 1268 4267 reliquis
1291 4167 1426 4241 ecclelia
1451 4167 1598 4266 patribus
1630 4165 1696 4237 do·

593 4273 691 4344 cendi
714 4272 908 4343 methodum
924 4270 1075 4366 sequutus
1098 4271 1160 4364 est,
1188 4271 1229 4344 de
1250 4271 1336 4343 iusto
1372 4267 1470 4365 atque
1498 4267 1696 4338 adcuratiori

594 4372 728 4444 ordine:
754 4374 795 4442 de
816 4373 1037 4468 compendio:
1061 4373 1108 4444 de
1126 4371 1295 4465 systemate
1322 4368 1492 4443 scribendo
1518 4366 1696 4462 negligens.

600 4483 704 4545 Antea
733 4472 890 4543 addudlus
917 4472 1168 4548 cunus'novs
1212 4495 1437 4545 ruuooon.
1482 4474 1698 4562 mutesve*

594 4579 682 4649 hanc
707 4575 781 4646 tulit
803 4573 1014 4648 sententiam:
1046 4574 1134 4646 reris.
1155 4572 1293 4645 Clemens
1317 4594 1440 4644 mortem
1458 4568 1633 4641 dodlrinam
1657 4591 1698 4637 ex
1760 4649 1764 4664 ,

1048 4678 1163 4770 Hh3
1242 4760 1244 4765 ,
1322 4709 1324 4716 ·
1536 4664 1698 4767 scriptura
1728 4676 1731 4685 '

547 4813 1695 4841 ...-.............-...........................,...

584 4903 602 4940 *
623 4897 821 4965 innodamur.
836 4905 867 4963 in
881 4857 1007 4985 arcisteis.¹
1023 4896 1107 4965 theol.
1123 4901 1224 4966 moral.
1234 4897 1362 4983 sturm
1387 4917 1448 4986 up·
1467 4883 1538 4985 8.§l
1548 4919 1599 4987 14.
1713 4971 1718 4988 .,
