4650 5842
719 812 722 819 ·
752 804 929 864 unxistis
957 762 1157 860 tnornrrr
1194 805 1245 861 nc
1275 802 1479 864 nvstnrtn.
1651 806 1724 886 323

574 908 1715 947 Μ

610 994 686 1047 nem
710 952 913 1065 septuaginta
933 968 1147 1058 interpretum
1159 959 1363 1057 sequeretur,
1389 958 1503 1030 vitiose
1522 962 1625 1055 posita
1638 962 1721 1036 sunt.

610 1079 864 1149 Munimentum
895 1067 959 1135 hoc
985 1085 1260 1134 nrurosrrnvs
1297 1064 1331 1128 in
1366 1057 1549 1132 sermonem
1580 1061 1734 1139 latinum,

612 1171 799 1248 transtulitr
823 1173 868 1238 ita
892 1187 1027 1244 tamen,
1054 1184 1089 1234 vt
1113 1158 1214 1231 multa
1238 1159 1440 1244 detraheret,
1466 1161 1614 1251 adderet,
1641 1189 1720 1237 mu.

611 1292 711 1350 taret.
768 1271 857 1342 idem
875 1286 968 1337 uvsr
981 1290 999 1334 s
1011 1289 1021 1334 t
1033 1289 1075 1333 vs
1102 1267 1264 1332 chronicon
1277 1259 1424 1355 reliquit,
1448 1266 1539 1332 cuius
1559 1264 1629 1335 duae
1645 1263 1722 1340 sunt

611 1396 736 1476 partes.
786 1377 823 1440 ln
853 1372 958 1462 prima
988 1364 1138 1445 iliarum,
1155 1367 1263 1433 ·cuius
1291 1360 1459 1458 inscriptio
1490 1362 1554 1434 est:
1579 1366 1721 1468 χξονικοὶ

614 1476 749 1554 κανόνες
772 1456 991 1563 πανΊοδάπῆς
1012 1462 1155 1561 scopiac,
1179 1463 1279 1534 hodie
1300 1460 1394 1532 valde
1411 1462 1545 1546 mutila,
1564 1472 1721 1540 omnium

612 1599 700 1676 pene
719 1580 889 1667 gentium,
917 1564 1163 1645 Chaldaeomm,
1182 1562 1410 1659 Assyriorum,
1433 1564 1621 1649 Medorum,
1643 1570 1721 1639 Per·

612 1678 737 1753 farrum,
769 1671 979 1749 Eburonum,
1000 1669 1241 1761 Aegyptiorum
1270 1664 1476 1758 aliorumque
1516 1669 1659 1761 origines
1687 1688 1722 1741 et

613 1802 665 1851 res
700 1778 839 1846 maxime
873 1767 1100 1840 memorabiles
1139 1765 1298 1837 abzorbe
1334 1764 1473 1836 condito
1502 1766 1721 1862 prosequutus

616 1879 678 1955 ests
712 1882 749 1946 in
781 1870 919 1942 secunda
949 1889 1076 1965 qutem,
1101 1891 1172 1962 quae
1212 1862 1316 1945 nardi
1338 1858 1485 1959 χρονικδς
1526 1867 1720 1964 adpellatur‚

590 1980 733 2059 ‚tundit
763 1974 802 2041 od
830 1991 1019 2065 temporum
1044 1968 1196 2038 ordinem
1221 1966 1377 2065 disposuit
1407 1987 1507 2062 atque
1525 1971 1657 2040 initium
1675 1971 1721 2042 ab

616 2078 747 2177 epocha
776 2071 958 2143 Abrahami
988 2068 1074 2139 fecit.
1153 2073 1333 2163 Vtramque
1382 2067 1579 2140 adamum
1611 2071 1722 2144 christi

617 2194 779 2256 cccxxv.
801 2174 962 2268 perduxit.
1022 2191 1305 2263 nrnnournvs
1334 2171 1496 2238 chronicon
1520 2170 1586 2238 hoc
1609 2170 1720 2242 reddi.

617 2281 663 2353 dit
683 2279 802 2351 iatiner
829 2294 996 2342 tatamen
1019 2268 1088 2340 vsus
1109 2267 1280 2359 libertate,
1305 2290 1340 2339 ut
1362 2267 1424 2339 alia
1439 2273 1625 2341 omitteret:
1655 2272 1721 2343 alia

582 2396 587 2405 ’
619 2375 768 2459 rdderet;
801 2395 952 2468 praeterea
982 2389 1092 2441 autem
1118 2394 1203 2466 opus
1234 2368 1339 2464 ipsum
1371 2369 1413 2440 ad
1448 2392 1573 2440 annum
1612 2373 1723 2444 christi

616 2474 1088 2554 cchxxv111.tontinuauit.
1168 2470 1334 2541 Monstrat
1373 2493 1458 2564 opus
1485 2470 1574 2554 hot,
1610 2493 1721 2568 patres

614 2601 682 2649 non
713 2574 818 2646 solum
842 2572 935 2657 sacre
975 2594 1074 2668 atque
1102 2570 1333 2648 ecclesiastico,
1369 2568 1423 2641 sed
1456 2571 1559 2640 ciuilis
1584 2594 1722 2668 quoque

615 2678 751 2750 historiae
777 2682 899 2770 peritos
923 2669 1040 2754 fuisse,
1071 2672 1112 2741 ad
1143 2696 1256 2768 quam·
1273 2674 1427 2767 notitiam
1457 2669 1722 2765 probandamet

618 2781 678 2851 alia
703 2783 924 2854 monimenta,
943 2792 1113 2868 tamquam
1132 2771 1241 2864 testes,
1265 2771 1420 2841 aduocari
1438 2766 1577 2866 possunt.
1626 2775 1720 2844 Patet

618 2878 680 2950 hoc
702 2879 850 2973 quodam
878 2874 981 2945 modo
1000 2896 1039 2944 ex
1066 2877 1132 2943 iarn
1151 2871 1227 2942 didii
1260 2894 1434 2943 nvssort
1466 2870 1552 2940 libris
1584 2866 1625 2939 de
1649 2877 1721 2944 uita

582 3010 585 3019 ·
615 2979 826 3075 Constantini,
853 2980 889 3045 in
915 2984 980 3071 qua
1010 2974 1243 3069 componenda
1273 2998 1310 3037 ea
1342 2990 1452 3041 tamen
1477 2964 1549 3035 vsus
1568 2966 1614 3038 est
1640 2969 1719 3053 stri.

617 3079 712 3152 bendi
734 3083 881 3158 ratione,
903 3100 939 3146 vt
962 3074 992 3145 se
1012 3079 1116 3156 magis
1132 3083 1318 3141 oratorem
1340 3085 1440 3157 quam
1457 3063 1647 3141 historicum
1663 3076 1719 3144 in-

617 3183 745 3253 terdum
756 3181 920 3274 pfaebmt,
945 3176 1039 3233 Addo
1065 3188 1106 3231 rr
1117 3186 1218 3232 nuno
1232 3187 1311 3233 lvM
1327 3162 1372 3232 ob
1385 3163 1505 3234 librum
1522 3168 1562 3237 de
1570 3169 1718 3266 gentibus

566 3332 576 3345 ,
616 3284 718 3353 Mra.
740 3300 771 3350 n
801 3255 1058 3365 nocinzanibus,
1085 3266 1141 3357 qui
1176 3261 1233 3357 ipsi
1261 3264 1428 3341 tribuiturs
1451 3264 1504 3335 alii
1531 3292 1662 3355 autem,
1691 3274 1744 3356 fi,

616 3406 684 3453 no„
710 3379 991 3533 nierteffnegantr
1024 3362 1176 3434 dubitant
1205 3382 1341 3448 tamen,
1373 3387 1450 3438 eum
1480 3365 1583 3442 libelii
1616 3373 1716 3449 huius

611 3468 779 3537 «ud'torem
802 3487 817 3533 e
844 3489 872 3536 e.

1073 3560 1131 3695 t
1159 3593 1253 3669 tx„

636 3724 872 3806 Vocabulum
902 3721 1045 3823 historio
1085 3723 1111 3800 st
1150 3725 1221 3798 lare
1260 3718 1442 3817 sumatur,
1484 3726 1721 3827 antiquitates

578 3842 717 3927 quoque
746 3831 810 3906 illa
840 3824 1319 3925 ·complediitur,'veterum
1355 3826 1496 3927 quippe
1518 3826 1628 3921 ritus,
1655 3853 1715 3906 re.

577 3943 684 4036 septas
704 3926 842 4031 agendi
853 3925 1019 4011 rationes
1044 3946 1240 4023 moresque
1262 3923 1350 4000 varii
1371 3925 1581 4026 diuersique
1598 3952 1714 4028 gene.

575 4041 631 4119 ns,
657 4026 733 4104 fiue
756 4031 822 4105 iilae
846 4026 914 4102 sint
939 4028 1070 4116 sacrae3
1096 4027 1168 4097 sue
1198 4020 1329 4100 ciuiles
1358 4053 1399 4103 ac
1434 4018 1608 4126 politicae'5
1634 4022 1713 4108 siue

574 4120 787 4235 domestice,
809 4129 1004 4229 speciatim·
1025 4126 1213 4209 militares,
1241 4128 1414 4203 litterariae
1433 4128 1598 4231 aliaeque.
1633 4134 1715 4207 An·
1754 4202 1758 4211 .

571 4226 773 4327 uquiratum
800 4228 1018 4306 huiusmodi
1045 4224 1165 4300 minus
1186 4222 1299 4308 rudes
1333 4224 1440 4304 fuisse
1473 4251 1618 4306 veteres
1649 4246 1713 4308 ec·

568 4328 669 4407 uetiae
692 4354 811 4430 patres
834 4329 1081 4431 acidoc'soresq
1107 4319 1238 4422 scripta
1259 4324 1403 4405 illorum
1419 4334 1632 4406 monstrant.

666 4465 849 4558 [Μὴ-μω
871 4451 1085 4543 antiquorum
1115 4452 1368 4527 christianorum·
1389 4452 1540 4526 dodiores
1570 4458 1606 4523 in
1632 4476 1709 4525 mo.

603 4566 766 4636 „imm
788 4563 975 4638 triptotum
1003 4553 1294 4645 superstitiosorum
1317 4557 1461 4650 legendis
1490 4554 1604 4627 versuti
1631 4554 1708 4630 sunt

604 4684 705 4760 ,tque
727 4654 761 4725 ’ως
789 4642 851 4754 iilis
883 4668 996 4738 praeter
1021 4652 1099 4723 alias
1129 4655 1310 4725 litterarum
1331 4652 1514 4755 disciplinas
1548 4659 1705 4731 notitiam

577 4770 581 4779 ·
599 4766 732 4857 voque
749 4750 984 4843 antiquitatum
1000 4750 1221 4849 profanarum
1240 4754 1429 4838 hauserunt.
1481 4762 1597 4855 Quum
1612 4778 1706 4826 acer.

1139 4860 1217 4935 Xz
1593 4858 1705 4933 'timus
