4650 5842
807 812 1036 892 REBVSQVB
1078 809 1250 866 PATRVM
1294 808 1532 865 accensuit.
1609 866 1612 872 ,
1696 813 1746 891 17

575 922 1739 962 namq-W*

712 1021 769 1067 10.
798 1018 1015 1071 ontucrsc.
1045 1011 1232 1075 nonunt,
1256 1013 1321 1089 qua
1339 990 1530 1086 euincirur,
1553 999 1742 1073 Clementem

576 1141 579 1148 ·
621 1089 793 1172 romoamn
811 1101 1076 1196 atquelrenaum
1089 1092 1273 1184 nonsaum
1301 1088 1390 1185 mrffn
1407 1093 1599 1191 pontificia,
1621 1122 1739 1176 contra

619 1205 671 1278 10.
684 1197 858 1270 Ernestum
872 1196 1053 1283 Grabium,
1077 1199 1160 1265 Ienae
1172 1213 1319 1267 MDccv.
1331 1198 1351 1232 *

713 1322 858 1370 rncoet
903 1323 1023 1374 ovrn.
1059 1318 1296 1369 naverunt
1329 1290 1587 1394 philosophema
1609 1305 1737 1397 potiora

623 1403 897 1498 recognitum,
925 1391 1079 1474 Clemc'rui
1108 1420 1238 1468 romano
1263 1392 1348 1492 sollo
1378 1392 1633 1490 attributorum,
1663 1401 1736 1477 att.

627 1501 719 1582 dori.
727 1519 970 1580 uuccxxvm.
1346 1589 1350 1604 Ι
1511 1561 1515 1567 .

726 1673 729 1678 .
1050 1622 1275 1683 tonarius,
1348 1607 1352 1626 “

682 1702 729 1776 dc
745 1725 817 1798 quo
831 1702 924 1774 varia
944 1700 1060 1799 scripta
1073 1698 1254 1795 compofita
1279 1717 1377 1796 atque
1390 1697 1432 1771 ad
1447 1721 1509 1771 nos
1531 1698 1636 1773 delata
1650 1702 1736 1780 sunt.

625 1801 790 1878 hdvitam
804 1807 872 1875 eius
887 1802 1200 1899 speciantpraecipue
1219 1799 1289 1874 alla
1303 1807 1458 1895 martyrii
1477 1806 1566 1885 eius,
1590 1829 1735 1899 quorum

622 1898 687 1976 duo
703 1905 980 2000 genetaexllant.
1015 1903 1090 1976 Alia
1109 1902 1184 1975 sunt
1206 1901 1403 1998 interpolata
1420 1927 1524 1998 eaque
1542 1927 1561 1973 a
1584 1928 1738 1980 srnuo.

626 2031 679 2080 nu
702 2002 909 2104 metaphraste
925 2029 1028 2100 grace
1051 2003 1169 2100 scripta
1191 2025 1258 2075 eta
1284 2026 1512 2076 ennrrrno
1542 2028 1732 2079 nenvcro

619 2106 721 2180 latine
734 2105 874 2192 reddita,
899 2105 971 2203 qoae
985 2132 1023 2178 ex
1036 2109 1307 2202 interpretatione
1328 2103 1389 2174 hac
1403 2102 1504 2178 latine
1515 2104 1682 2177 habentur
1697 2113 1735 2179 in
1789 2119 1792 2128 “

625 2230 875 2282 oro-nuncn-
887 2232 1004 2280 svnrr
1020 2214 1101 2279 vitis
1111 2204 1343 2304 fitillarum*
1364 2226 1396 2275 et
1409 2196 1735 2295 exeademverfione,

611 2307 744 2380 ¹collata
756 2332 832 2379 cum
842 2306 1063 2404 manuscripto
1075 2333 1182 2402 gracco
1190 2331 1234 2387 ,ac
1245 2332 1320 2377 curn
1330 2305 1496 2375 nonnullis
1505 2312 1592 2375 notis
1602 2313 1638 2377 in
1650 2311 1734 2383 aliis

588 2447 593 2458 ·
611 2405 823 2508 firmiorum
847 2409 905 2456 *l‘*
926 2415 1030 2506 graece
1048 2434 1086 2479 ac
1106 2408 1207 2481 latine
1228 2407 1336 2480 autem
1351 2432 1426 2477 cum
1445 2408 1735 2483 animaduersioni·
1757 2443 1759 2448 ·

625 2510 686 2582 bus
707 2531 968 2587 inminenter.
997 2530 1300 2598 corennum-et
1335 2533 1390 2581 ιο.
1415 2530 1623 2599 crearer,
1655 2536 1734 2586 cura

619 2615 694 2710 iam
717 2611 797 2700 dieti
834 2634 1063 2683 corennum
1104 2615 1141 2680 in
1193 2606 1341 2711 patribus
1373 2606 1596 2706 apostoliam*
1659 2613 1734 2686 Alia

621 2716 744 2814 ignatii
772 2708 921 2806 martyrii
941 2711 1186 2783 adlahabentur
1208 2712 1380 2799 finceriora
1403 2710 1536 2804 hacque
1556 2709 1639 2795 sunt,
1662 2739 1735 2808 quae

620 2837 764 2886 tucou.
796 2837 984 2886 vssuotvs
1010 2817 1045 2883 in
1064 2813 1173 2883 lucem
1192 2812 1329 2909 protulit
1349 2811 1449 2880 latine
1481 2835 1519 2879 ex
1545 2812 1665 2904 duplici
1684 2815 1735 2885 di·

616 2910 710 2987 uersa
735 2912 883 2985 verdone
914 2935 1014 3011 atque
1041 2934 1214 3010 vtramque
1235 2938 1274 2983 ex
1308 2910 1475 2982 codicibus
1507 2904 1733 3010 manuscriptis

578 3081 582 3088 .
616 3013 780 3086 recensuit
793 3019 950 3111 notisque
974 3014 1106 3086 eruditis
1125 3016 1284 3085 instruxit.
1302 3016 1341 3057 *³⁶
1390 3017 1435 3080 Ea
1449 3037 1467 3080 a
1482 3012 1627 3099 Philone,
1647 3022 1732 3102 Caio

615 3138 650 3188 et
663 3115 891 3211 Agathopode
908 3117 1078 3199 diaconis,
1103 3122 1160 3212 qui
1188 3120 1351 3210 ignatium
1378 3135 1559 3202 martyrem
1591 3121 1732 3207 e.Syria

617 3215 950 3302 comitatiluerant,
975 3216 1131 3312 descripta
1148 3214 1309 3300 elleslibi
1338 3211 1507 3311 persuadet
1526 3237 1565 3283 ac
1600 3214 1732 3289 sanein

621 3320 842 3390 monimentis
865 3321 991 3414 generis
1010 3317 1105 3387 huius
1129 3315 1230 3389 fidem
1250 3320 1428 3403 maximam
1449 3338 1513 3409 prae
1537 3313 1567 3383 le
1582 3313 1668 3387 ferre
1682 3323 1732 3388 vi·

618 3419 752 3491 dentur.
802 3421 938 3515 Repetit
957 3443 1092 3515 quoque
1119 3423 1155 3488 in
1183 3417 1381 3489 bibliotheca
1419 3414 1591 3486 bodleiana
1623 3443 1733 3489 exem-

591 3565 600 3582 ·
622 3519 1035 3617 plum'grae‘cutnadlorum
1050 3524 1188 3614 Ignatii3
1216 3543 1320 3615 quum
1335 3540 1444 3587 autem
1460 3516 1517 3584 ista
1535 3519 1734 3616 interpolata

623 3617 687 3692 elle
705 3620 809 3705 vidit,
830 3645 869 3691 ea
897 3619 1101 3715 nonssdigna
1129 3621 1267 3702 habuit,
1293 3644 1364 3713 qua
1394 3624 1430 3687 in
1452 3615 1559 3686 lucem
1583 3625 1740 3691 emittan-

620 3741 685 3794 tur.
750 3721 825 3793 Post
845 3718 1003 3814 Vllerium
1019 3721 1133 3792 eadem
1164 3723 1236 3791 alia
1262 3720 1361 3790 latine
1387 3718 1427 3788 ad
1453 3714 1741 3806 usumvublicunr.

615 3821 775 3895 translata
801 3820 877 3916 sunt
902 3847 921 3893 a
954 3848 1011 3896 to·
1036 3845 1286 3898 nonuncium
1320 3846 1358 3889 ex
1382 3842 1446 3888 vna
1470 3838 1580 3887 autem
1603 3842 1733 3896 tantum

616 3923 789 4009 vcrfione,
809 3917 864 4010 illa¹
877 3928 1057 4016 nimitum,
1083 3949 1155 4019 quae
1172 3928 1209 3993 in
1227 3921 1426 3992 membranis
1445 3923 1658 3991 Cotronianis
1677 3922 1744 4020 ind

613 4046 715 4098 ueuta
741 4027 806 4112 est,
827 4049 970 4126 cumque
997 4029 1086 4097 notis
1119 4024 1318 4123 quibusdam
1333 4022 1429 4109 ,”***
1469 4042 1577 4117 atque
1595 4029 1646 4094 'ex
1671 4026 1733 4094 du-

1293 4141 1295 4148 '
1655 4125 1734 4222 plici
1761 4205 1769 4212 ,

606 4356 623 4398 *
648 4351 740 4415 exstat
764 4351 796 4412 in
822 4351 883 4413 eius
897 4350 1073 4430 fflntagmnte
1094 4345 1310 4428 diffamationem
1338 4344 1513 4431 theolegium.
1531 4365 1608 4434 1201„
1623 4368 1656 4410 ac
1678 4353 1730 4409 mi·

635 4438 747 4513 scellam
753 4437 863 4511 lictor.
875 4452 951 4516 port.
976 4450 1001 4496 1.
1020 4453 1048 4510 p.
1061 4447 1087 4495 1.
1500 4443 1502 4447 '
1681 4477 1684 4482 .

608 4524 640 4563 *⁸
661 4526 714 4584 vit.
736 4519 825 4597 sandi.
839 4517 867 4585 d.
882 4534 907 4584 1.
927 4515 1054 4593 februar.
1185 4528 1187 4533 '

603 4602 653 4646 Μ
671 4604 800 4680 fenum.
817 4620 882 4666 ton.
894 4616 921 4664 1.
948 4621 977 4678 p.
986 4615 1037 4677 24.

606 4687 622 4727 *
640 4707 708 4751 tom.
719 4706 761 4748 rr.
775 4706 804 4765 p.
818 4686 885 4761 163.
906 4683 1028 4746 edition.
1043 4676 1206 4746 Amllelod.
1218 4695 1430 4743 mcccxxrv.
1527 4712 1529 4716 ·

605 4770 636 4812 **
655 4773 688 4832 in
707 4768 840 4831 eiusdem
863 4768 1003 4848 athrrulice
1022 4765 1185 4846 lgmtiana,
1206 4763 1334 4826 Londini
1347 4777 1593 4842 rrncxtv11.4.

604 4851 650 4902 Μ
668 4855 703 4917 in
718 4852 913 4940 tllissonc‘ltr.
924 4847 1083 4935 fulradum·
1095 4862 1122 4917 1·
1141 4862 1233 5018 9829·
