4650 5842
661 811 668 820 -
722 775 903 836 ttamen
933 775 1133 850 ettotam
1163 775 1215 832 dc
1241 773 1442 831 HVHAM·
1602 777 1674 846 301

569 890 1675 932 -··.-··-···········-·····-‘···-····—··--···

571 943 938 1023 ιινέμοηιιινς
972 938 1224 1020 Alexandrinus,
1260 959 1443 1008 sassures
1480 941 1675 1041 Seleucirqsu.

569 1045 615 1113 Ex
655 1041 839 1111 latinorum
866 1061 1007 1109 numero
1045 1037 1243 1130 adiungendi
1275 1036 1369 1110 sunt:
1400 1059 1691 1130 avovsrtuvs,'

568 1165 791 1224 traximus,
812 1161 964 1210 ratres
986 1161 1295 1225 euersosoovs,
1320 1162 1398 1212 uso
1416 1164 1554 1240 magum,
1574 1167 1673 1215 css.

569 1265 741 1325 saeuus,
770 1262 1012 1313 oteoontvs
1042 1261 1182 1335 magnus.
1622 1288 1628 1295 -

630 1389 793 1454 Oratores
808 1377 889 1454 sacri
908 1384 1052 1476 primum
1074 1381 1252 1451 recitarunt
1268 1384 1465 1474 conciones,
1490 1408 1562 1480 quae
1590 1384 1673 1455 libe·

568 1484 713 1556 rioribus
738 1481 942 1554 sermonibus
984 1479 1196 1552 constabantt
1224 1506 1296 1577 quae
1325 1506 1418 1555 erant
1447 1483 1673 1558 breuiores'ac

568 1591 723 1684 pietatem
747 1582 1052 1680 simplicitatemque
1083 1579 1264 1678 spirabant3
1286 1583 1398 1678 postea
1419 1606 1547 1670 tamen,
1571 1593 1673 1657 maxi·

568 1711 622 1759 me
638 1684 749 1756 seculo
771 1705 889 1780 quarto
907 1707 947 1753 ac
975 1688 1117 1781 quinto,
1146 1681 1370 1778 eloquentiam
1397 1685 1562 1756 nonsatis
1598 1712 1672 1756 mo·

568 1786 739 1864 deratama
759 1783 813 1856 sed
831 1783 995 1879 turgidam
1012 1808 1050 1854 ac
1071 1782 1338 1855 declamatoriam
1365 1781 1472 1857 sedlati
1488 1784 1572 1857 sunt.
1613 1793 1673 1857 Vi.

567 1893 713 1972 tiorum,
739 1910 811 1982 quae
835 1885 1001 1962 sermones
1016 1908 1132 1956 eorum
1156 1885 1451 1970 contaminabant,
1470 1892 1558 1957 varia
1579 1910 1672 1960 etant

567 2013 700 2086 genera.
746 1985 824 2076 Alia
843 1984 985 2082 spoliant
1007 1986 1048 2080 ad
1080 1983 1253 2080 recipias,
1279 1986 1318 2056 de
1336 1986 1453 2082 quibus
1467 1984 1671 2063 disserebant.

569 2088 721 2188 Quando
747 2091 835 2158 enim
856 2083 911 2157 de'
924 2090 1123 2180 argumentis
1144 2085 1264 2155 diuinis
1295 2084 1473 2183 sacrisque,
1498 2114 1570 2184 quae
1596 2090 1672 2159 stin.

567 2191 689 2290 plicent
706 2188 905 2286 planamque
917 2191 1103 2257 orationem
1126 2185 1310 2281 postulant,
1343 2191 1379 2257 in
1399 2186 1514 2258 scholis
1536 2188 1673 2285 scriptis·

567 2315 635 2390 que
656 2288 888 2386 exponebant,
909 2291 1015 2358 nimio
1042 2291 1118 2356 artis
1144 2288 1311 2358 rhetoricae
1339 2287 1445 2358 studio
1466 2290 1585 2375 dediti,
1605 2295 1673 2361 cte·

569 2392 645 2466 bras
664 2389 843 2462 verborum
859 2387 999 2483 figuras,
1017 2387 1143 2458 colores
1155 2411 1188 2460 et
1208 2386 1270 2460 alia
1291 2410 1463 2461 oratorum
1477 2414 1672 2463 ornamenta

568 2491 793 2566 adhibuerunt
818 2514 857 2559 ac
887 2488 991 2560 multa
1018 2487 1170 2559 dixerunt
1196 2486 1435 2590 ὁπεςΒολικῶς.
1483 2493 1673 2565 Monstrant

566 2595 598 2668 id
632 2597 842 2664 monimenta
882 2613 1194 2680 cunusostout,
1228 2613 1431 2672 ursacii,
1463 2597 1666 2664 ausnos'rt

567 2717 670 2788 atque
691 2691 851 2778 aliorum,
876 2695 913 2760 in
928 2689 1047 2788 quibus
1073 2689 1182 2760 multae
1205 2688 1366 2759 habentur
1381 2689 1584 2786 hyperbolaet
1609 2719 1672 2765 nec

566 2791 636 2894 ipse
665 2795 1014 2876 utruouruvs,*
1049 2787 1165 2886 scripta
1187 2792 1257 2859 eius
1291 2787 1331 2859 ab
1354 2797 1474 2863 artium
1498 2792 1670 2865 dialediicae

567 2921 612 2969 ac
641 2895 811 2965 rhetoricae
836 2896 945 2990 peritis
973 2890 1111 2986 legenda
1128 2886 1209 2973 elle,
1239 2890 1423 2962 diffimulrt.
1475 2900 1590 2990 Quum
1612 2890 1670 2965 ia·

568 2998 656 3072 lestis
674 2995 828 3066 dodiriuae
849 2989 990 3092 caussam
1015 3012 1207 3089 perorarent
1228 3015 1326 3089 atque
1346 2989 1533 3064 aduersariis
1553 2995 1671 3068 resile-

568 3120 666 3188 rent,
687 3099 835 3165 oratoria
863 3092 1054 3164 adferebant
1077 3114 1291 3187 argumenta,
1316 3097 1352 3162 in
1384 3093 1502 3189 quibus
1527 3100 1576 3165 vis
1598 3102 1670 3191 qui·

567 3201 646 3273 dem
660 3195 742 3268 inest
760 3196 800 3267 ad
822 3195 1071 3266 delediationetn
1092 3197 1352 3290 opinionemque
1372 3191 1579 3280 faciendam;
1609 3204 1671 3272 mi·

571 3325 636 3374 nus
665 3303 744 3368 ver'o
770 3297 812 3366 ad
835 3294 966 3368 firmam
987 3294 1194 3390 solidamque
1221 3295 1479 3389 probationem,
1502 3324 1603 3393 quarn
1637 3306 1673 3369 itt

569 3426 639 3476 rem
659 3398 806 3493 exempla
822 3397 979 3468 habemus
1008 3394 1095 3491 apud
1115 3417 1472 3483 conteteram,
1504 3424 1672 3472 curura·

579 3526 695 3585 uvea,
727 3522 962 3585 utuvctvtr
1003 3519 1225 3591 naereses,
1258 3518 1539 3569 uncrnurtvta
1575 3523 1674 3597 atque

578 3602 675 3674 alios.
724 3604 867 3670 Nataex
893 3596 997 3669 coest
1025 3591 1203 3666 obscuritas
1229 3621 1268 3666 ac
1295 3593 1490 3683 difficultas,
1517 3625 1554 3669 ea
1579 3602 1671 3673 intel·

573 3701 714 3800 ligendi,
734 3725 804 3796 quae
827 3700 868 3768 ab
884 3700 948 3768 istis
968 3696 1084 3792 scripta
1110 3696 1194 3772 sunt.
1246 3702 1374 3766 Fatetur
1392 3698 1457 3769 ltoc
1482 3699 1546 3794 ipse
1580 3726 1672 3770 uro·

576 3825 650 3882 urs
662 3827 723 3872 rvr
747 3800 1009 3883 racnvtvs,**
1029 3821 1228 3894 quamquam
1244 3793 1561 3895 tnttlrafitnt,inquit,
1577 3803 1671 3897 asun-

574 3901 705 4005 slt'ffimil
714 3897 878 3991 putribus,
900 3894 1156 3998 prasertimquea
1175 3891 1416 3995 Chrysoslortroitr
1430 3902 1557 3970 lzomiliit
1573 3900 1672 3997 esper-

573 4003 622 4104 fit,
645 4028 712 4106 qua
720 4004 750 4100 fl
768 4007 809 4071 ad
826 3999 940 4070 exae‘iae
956 4006 1103 4070 veritatis
1115 4002 1253 4096 regulam
1281 4005 1507 4071 accommodare
1528 4004 1671 4087 volturis,

577 4103 644 4180 luri
655 4102 759 4201 sensus
773 4106 879 4173 inania
894 4096 1091 4172 videbtmtur.
1139 4106 1259 4198 Quippe
1280 4102 1496 4174 declamatorio
1518 4105 1569 4174 illo
1586 4131 1673 4176 urore

578 4213 617 4280 ad
630 4212 809 4297 imperitam
830 4206 906 4299 sere
924 4203 1173 4285 multitudinem,
1196 4206 1403 4299 exaggerandi
1436 4202 1551 4302 stifft,
1573 4225 1605 4275 et
1619 4206 1672 4302 fit·

573 4305 635 4380 lito
711 4310 784 4376 dam
796 4307 1043 4398 impetudicendi
1061 4329 1098 4373 ac
1114 4305 1214 4373 calore
1229 4302 1354 4399 prosufit
1364 4306 1520 4399 seruntur
1538 4309 1671 4397 plerum·

572 4434 630 4514 que
668 4412 808 4498 imerius.
861 4409 945 4477 Vnde
971 4429 1012 4478 ex
1035 4406 1168 4477 aliorum
1189 4410 1416 4504 comparatione
1444 4407 1676 4491 locorurrt,vc1

1605 4535 1675 4581 cota.

563 4671 1671 4701 fflfflm—*Q*

563 4790 698 4876 'pallad
716 4811 748 4862 ι.
762 4795 799 4857 ed
816 4794 1019 4855 Pammesrium
1036 4804 1270 4870 tom.rt.p.135.

564 4895 598 4938 “¹
616 4891 865 4977 maurepast.
879 4891 916 4955 ad
928 4891 1109 4977 Epiphaniam
1123 4890 1217 4955 batt.
1237 4902 1309 4957 era,
1318 4903 1384 4956 tou.
1397 4901 1443 4955 ιι.
1457 4900 1529 4969 oper,
1538 4905 1569 4970 p,
1583 4899 1656 4971 244.
