4650 5842
575 759 654 841 500
680 761 822 818 curan
841 716 944 850 ptut.
969 758 1022 816 on
1043 752 1223 816 ητινν
1247 700 1712 859 nocnnsgnnvotntonn

576 875 1727 901 mm
1769 887 1771 902 t

557 944 559 949 '
585 990 588 997 .
628 925 716 1014 else,
741 926 956 1010 smniabam,
981 936 1080 1020 atque
1099 925 1261 1008 ostendit,
1293 949 1355 995 nec
1380 922 1558 996 mendaces
1576 950 1730 1024 permen·

577 1112 580 1124 Ι
630 1032 749 1111 daciae
771 1052 833 1099 nec
862 1026 1070 1122 blasphemos
1098 1049 1156 1123 per
1187 1024 1403 1123 blasphemias
1418 1028 1638 1129 ‘quarendos
1667 1029 1729 1104 elle

630 1128 764 1205 Refellit
782 1127 1089 1199 Priscillianillarum
1108 1131 1324 1221 opinionem,
1352 1125 1395 1196 ad
1408 1127 1648 1202 occultandam
1669 1133 1731 1203 reli.

570 1274 576 1285 ,
629 1239 767 1328 gionem
794 1227 961 1323 religiosos
985 1227 1103 1301 debere
1129 1229 1527 1312 mentiriacmonstrat,
1561 1256 1636 1327 quae
1662 1257 1731 1330 pro.

629 1332 805 1415 ferantur,
823 1330 908 1400 dieta
932 1332 1047 1424 atque·
1065 1330 1211 1424 exempla
1232 1328 1321 1399 haud
1348 1327 1507 1424 probate,
1542 1333 1639 1426 quod
1662 1357 1730 1432 pro·

576 1494 580 1505 t
630 1433 710 1507 bare
728 1429 869 1503 debeant
890 1430 979 1531 sique
1004 1453 1036 1500 et
1059 1431 1269 1519 mendacium
1284 1430 1326 1499 ad
1350 1428 1486 1500 salutem
1514 1431 1617 1517 huius
1644 1457 1731 1530 arque

560 1599 565 1613 ,
629 1530 766 1606 'ulterius¹
782 1537 855 1603 vitae
876 1532 954 1602 vtile
986 1554 1024 1599 ac
1065 1516 1275 1613 necessarium
1317 1531 1482 1608 videatura
1519 1531 1604 1602 illud
1632 1556 1732 1609 tamen

633 1639 775 1730 impium
793 1629 878 1717 esse,
905 1636 1045 1709 maxime
1068 1636 1104 1701 in
1130 1626 1247 1716 rebus,
1272 1656 1344 1728 quae
1370 1632 1412 1701 ad
1448 1630 1646 1725 religionem
1669 1660 1732 1733 per.

633 1741 785 1817 tineant,
803 1732 987 1807 vitandum.
1038 1727 1183 1805 Moralia
1202 1753 1417 1827 argumenta,
1442 1758 1513 1830 quae
1530 1737 1569 1803 in
1586 1740 1735 1832 iurisprn·

634 1838 747 1908 dentia
781 1834 892 1904 diuina
913 1835 1167 1928 pertraslantur,
1190 1835 1391 1928 Augustinus
1420 1859 1458 1904 ea
1483 1838 1617 1907 ratione
1647 1840 1734 1910 tradi·

588 2000 590 2005 .
637 1938 708 2017 dit,
733 1955 768 2005 vt
787 1935 829 2005 ab
848 1936 887 2005 iis
907 1933 1071 2030 patribus,
1100 1940 1156 2032 qui
1185 1959 1261 2005 anre
1280 1958 1357 2006 eum
1373 1939 1408 2004 in
1424 1936 1578 2006 dodirina
1609 1963 1734 2013 motum

522 2088 527 2095 ·
572 2100 575 2108 .
633 2035 885 2109 christianorum
906 2034 1022 2106 versati
1040 2032 1134 2119 sunt,
1161 2035 1318 2130 discrepet
1344 2059 1383 2106 ac
1404 2060 1506 2133 quam
1526 2040 1572 2107 ita
1598 2038 1656 2111 stbi
1684 2042 1753 2113 ad.

570 2188 575 2196 -
612 2135 793 2235 'qnisruit‚·
814 2134 965 2231 singulari
992 2136 1088 2208 laude
1115 2137 1248 2209 celebris
1266 2135 1313 2206 fit.
1351 2136 1494 2208 'Primus
1515 2134 1588 2208 fere
1610 2141 1670 2225 est,
1686 2147 1735 2238 qui

637 2239 726 2333 leges
754 2238 882 2308 diuinas
900 2238 941 2307 ad
960 2235 1044 2307 fadla
1064 2259 1163 2336 atque
1193 2238 1234 2308 ad
1260 2239 1405 2308 adiiones
1431 2236 1610 2333 fingulares
1641 2243 1735 2337 adpli.

639 2344 747 2411 cauits
771 2342 902 2423 varios,
927 2343 973 2407 vti
988 2344 1169 2432 vocantur,
1192 2337 1280 2409 talus
1302 2337 1507 2410 conscientiae
1524 2346 1733 2437 excogitauit:

556 2476 576 2498 κ
638 2466 713 2539 quae
733 2442 860 2510 moueri
882 2434 1029 2535 pollent,
1051 2439 1150 2510 dubia
1165 2439 1271 2511 secum
1291 2440 1444 2535 expendit
1469 2466 1507 2510 ac
1533 2441 1666 2539 reliquit
1691 2470 1733 2515 ex·

642 2567 696 2616 em
720 2541 815 2622 lum,
835 2539 927 2635 quod
949 2539 1100 2617 doiiores
1120 2539 1316 2625 scholastici,
1330 2538 1503 2637 prasertim
1525 2544 1685 2642 moralrfla
1701 2571 1733 2618 ac

578 2690 580 2695 -
636 2564 763 2742 “fill“
780 2639 951 2736 adpellari,
977 2644 1192 2713 imitarentur.

580 2774 583 2783 ¹
656 2750 659 2756 '
703 2764 909 2815 auanostt
951 2741 1025 2813 libri
1054 2766 1116 2814 tres
1146 2742 1187 2813 de
1217 2739 1340 2838 officiis,
1369 2742 1463 2840 qnod
1495 2747 1585 2818 inter
1614 2769 1730 2844 patrum

641 2846 758 2940 scripta
787 2842 1045 2939 iurisprudentiae
1066 2843 1185 2915 diuinae
1212 2847 1362 2939 princeps
1396 2870 1479 2941 opus
1510 2846 1571 2921 esi·
1622 2851 1730 2919 Imitari

538 3010 540 3017 .
638 2947 746 3021 voluit
764 2949 963 3015 Ciceronem
988 2947 1024 3012 in
1044 2942 1133 3015 libris
1161 2951 1229 3016 eius
1265 2945 1305 3015 de
1324 2943 1452 3042 officiis,
1482 2947 1585 3043 idque
1608 2947 1750 3020 feliciter·

584 3106 592 3118 .
641 3047 804 3147 praellitit:
832 3050 937 3115 immo
967 3068 1062 3129 eum,
1087 3051 1186 3140 quem
1210 3044 1310 3116 v'eluti
1338 3047 1523 3142 exemplum
1557 3050 1606 3120 ob
1630 3049 1727 3120 oculos
1760 3040 1771 3110 l·

639 3148 769 3248 posuit,
794 3145 934 3217 multum
961 3143 1156 3240 superauit„
1184 3153 1374 3231 Generatim
1396 3153 1529 3246 quidem
1548 3148 1627 3220 libri
1643 3152 1727 3221 hiin·
1760 3163 1771 3211 t

637 3240 903 3345 scripti'sunt'de
928 3242 1052 3342 officiisr
1073 3268 1244 3343 exponunt
1267 3271 1376 3320 autern
1405 3248 1571 3345 speciatim
1604 3253 1644 3323 de
1670 3248 1728 3322 offi·
1762 3263 1771 3313 t

641 3354 701 3422 ciis
724 3348 945 3419 ministrorum
965 3347 1101 3419 ecclefiae
1115 3373 1153 3420 ac
1174 3351 1381 3434 monstrant,
1405 3352 1584 3447 quomodo
1601 3355 1648 3425 illi
1674 3378 1730 3424 mu·
1763 3365 1766 3411 t

643 3476 707 3524 nus
725 3448 819 3521 suum
843 3451 926 3519 redle
940 3473 978 3516 ac
1000 3450 1302 3521 riteadminillrare
1319 3452 1467 3522 debeant.
1519 3457 1558 3521 ln
1581 3458 1729 3551 principio

639 3551 783 3626 ostendit
794 3549 1010 3634 Ambrofius‚
1032 3549 1174 3648 episcopi
1196 3557 1366 3647 proprium
1386 3578 1504 3636 munus
1522 3550 1587 3624 elle
1606 3557 1730 3630 doceres

642 3653 702 3726 sibi
721 3650 1032 3723 autemdiscendum
1058 3648 1137 3736 elle,
1164 3642 1200 3724 νε
1217 3654 1344 3726 doceat.
1392 3655 1523 3742 Quibus
1552 3657 1731 3751 explanatis,

626 3745 852 3852 ¹progreditur
880 3774 979 3846 atque
1007 3774 1154 3838 enarrat,
1184 3779 1248 3849 qua
1272 3759 1399 3824 rarione
1420 3755 1456 3825 st
1480 3755 1686 3852 loquendum
1704 3779 1733 3824 ac
1770 3797 1771 3807 κ

642 3855 845 3937 tacendum,
868 3853 1025 3924 decorum
1040 3853 1136 3950 quale
1157 3854 1273 3924 debeat
1301 3854 1426 3926 seruare
1452 3881 1490 3925 ac
1518 3858 1558 3926 de
1577 3858 1664 3928 ¹iocis
1683 3858 1733 3928 lla·

643 3959 729 4038 tuit,
752 3956 914 4051 quamuis-
935 3954 981 4023 illi
1009 3974 1264 4051 nonnumquam
1291 3957 1416 4027 honesti
1439 3956 1525 4034 fint3
1552 3951 1611 4027 eos
1639 3980 1735 4040 tamen

640 4058 677 4126 in
694 4054 907 4125 ecclesiasticis
933 4058 1009 4124 vitis
1033 4060 1173 4126 omnino
1201 4055 1469 4151 proscribendos3
1492 4084 1613 4130 vocem
1638 4083 1736 4130 autem

640 4179 758 4253 puram
777 4180 816 4227 ac
840 4155 1016 4250 fitnplicem
1043 4153 1104 4226 esse
1143 4181 1311 4252 oportere.
1384 4164 1460 4228 Tria
1490 4163 1526 4229 in
1552 4161 1650 4230 rebus
1676 4185 1737 4256 per·

639 4255 774 4351 agendis
799 4255 983 4326 adhibenda
1002 4253 1084 4339 esse,
1116 4257 1224 4339 addit,
1247 4261 1402 4328 nimirum
1423 4280 1458 4330 vt
1478 4266 1601 4330 rationi
1627 4263 1738 4358 adpeti·

637 4352 696 4426 tus
715 4355 925 4426 subiiciatnr:
949 4378 984 4426 vt
1000 4362 1035 4425 ln
1061 4359 1171 4428 studiis
1198 4360 1279 4427 iolla
1304 4358 1445 4431 seruetur
1476 4364 1685 4465 modepatio:
1712 4382 1740 4429 vt

639 4456 852 4552 deniquesuo
874 4481 1011 4552 quaeque
1029 4479 1177 4554 tempore
1206 4483 1305 4555 atque
1326 4462 1442 4530 ordine
1471 4487 1642 4556 gerantur.
1695 4468 1740 4533 ln·
1769 4460 1771 4517 ἶ

639 4556 752 4628 dicant
772 4559 839 4628 haec
851 4558 986 4654 quidem
1002 4583 1040 4626 ac
1059 4559 1161 4629 multa
1180 4559 1260 4643 alia,
1288 4587 1358 4657 quae
1381 4561 1578 4658 sequuntur,
1604 4565 1742 4634 Ambro-

638 4655 720 4736 sium
734 4663 906 4754 praecipere
926 4659 966 4727 de
986 4656 1119 4742 officiis,
1148 4684 1300 4730 omnium
1322 4663 1572 4735 christianorum
1597 4691 1742 4735 commu·

634 4757 759 4838 tribuet
793 4760 939 4831 attamen
967 4782 1050 4857 opus
1074 4761 1140 4832 hoc
1167 4767 1329 4859 praecipue
1348 4765 1388 4835 ad
1407 4766 1581 4836 ¹ministros
1614 4764 1743 4835 ecclesa

1061 4872 1064 4878 '
1610 4867 1742 4964 spesiat.
