4650 5842
590 870 1027 952 vaaenapsrrerrrrtt
1054 823 1611 967 ruroronrruxrot'rrutr·
1639 854 1712 940 '345

581 981 1715 1015 ....------—·----------

613 1040 786 1136 sonipedu
806 1037 909 1111 oculis
926 1037 956 1109 se
976 1037 1170 1110 subiicerent
1190 1058 1224 1112 et
1240 1064 1282 1112 eo
1302 1037 1430 1110 facilius
1449 1043 1535 1112 inter
1562 1039 1597 1113 se
1617 1066 1711 1115 conr·

611 1141 764 1239 paranda
788 1136 886 1211 essent
907 1163 945 1208 ac
972 1162 1067 1215 vetut
1087 1137 1193 1211 sensus
1218 1140 1404 1235 inuestigari
1426 1137 1539 1236 pollet.
1613 1147 1711 1216 Vatia

610 1240 801 1313 huiusmodi
817 1241 987 1311 volumina
1001 1238 1186 1335 composuit
1202 1245 1425 1339 quumquein
1438 1240 1500 1313 alia
1519 1247 1709 1338 pauciores:

612 1346 649 1414 in
668 1343 731 1412 alia
748 1343 853 1436 plures
874 1345 1156 1437 interpretationes
1172 1338 1379 1430 transferret,
1402 1362 1477 1412 orta
1499 1341 1573 1413 sunt
1587 1344 1711 1417 diuersa

610 1444 744 1514 illorum
761 1445 899 1511 nomina
920 1465 958 1511 ac
991 1442 1074 1511 didla
1096 1443 1249 1534 tetraple,
1273 1442 1415 1533 demphe,
1450 1442 1575 1533 oslaplu.
1622 1451 1711 1518 Inter

615 1544 669 1615 illa
691 1543 824 1633 tetrapla
843 1546 887 1612 ita
908 1540 1057 1636 disposta
1077 1563 1194 1635 erant,
1216 1537 1256 1612 vt
1266 1547 1378 1637 priora·
1398 1541 1553 1614 columna
1580 1546 1711 1617 exhibe·
1735 1620 1754 1643 ,r

613 1666 661 1716 ret
677 1643 859 1714 versronenr
874 1643 986 1742 Aquila
996 1668 1010 1712 .·
1034 1642 1173 1715 secunda
1190 1646 1383 1736 riymn‘trelri:
1406 1640 1503 1714 'tertia
1514 1641 1711 1742 stpntagirrta

584 1780 586 1787 ·
617 1751 821 1835 interpretum
837 1764 869 1812 et
887 1764 1002 1838 quarta
1020 1745 1159 1839 denique
1185 1747 1403 1831 litodotiopit.
1453 1749 1492 1814 ln
1511 1748 1712 1837 lexaplr'r.hae
1778 1736 1786 1757 ’

618 1844 690 1941 ipsae
713 1843 874 1915 vetsrones
895 1844 1012 1914 eodem
1036 1843 1152 1914 ordine
1167 1864 1260 1914 erant
1298 1844 1484 1923 collocataes
1514 1851 1621 1940 prima
1648 1873 1711 1919 arr.
1770 1881 1773 1887 ,

616 1966 678 2017 tem
718 1944 873 2014 columna
920 1952 1044 2014 textum
1077 1944 1267 2028 ebraicum,
1309 1945 1424 2017 litteris
1454 1945 1620 2033 ebraicis,·
1645 1949 1712 2023 srne

617 2047 743 2143 pundiis
763 2044 950 2127 vocalibus,
972 2068 1010 2113 ac
1038 2043 1176 2115 secunda
1202 2045 1354 2117 eumdem
1385 2066 1508 2116 textum
1532 2046 1710 2149 ebraicum,

619 2146 730 2217 litteris
760 2150 871 2240 graecis
892 2140 1111 2240 descriptum,
1134 2144 1411 2240 cotnpledieretut.
1459 2146 1593 2230 Addidit
1622 2154 1713 2247 post.
1763 2224 1766 2230 ,

619 2272 653 2318 ea
684 2249 844 2340 Origenes
881 2247 1032 2341 quintam
1061 2266 1093 2337 et
1119 2245 1240 2331 sextam
1274 2246 1476 2324 versionemr
1503 2243 1568 2320 ilue
1594 2252 1714 2323 editio.

618 2372 694 2419 nem
717 2347 1003 2417 Hierichuntinam
1020 2367 1052 2416 et
1066 2345 1363 2443 Nicopolitanant,
1386 2353 1422 2418 in
1442 2351 1480 2417 iis
1497 2347 1609 2434 libris,
1629 2378 1713 2450 quo.

617 2473 692 2520 tum
707 2448 757 2516 lrae
772 2446 930 2535 versones
950 2445 1137 2534 exstabant,
1164 2451 1317 2545 atqueita
1330 2442 1446 2540 ussepla
1460 2452 1495 2519 in
1512 2447 1617 2547 luceru
1634 2476 1713 2549 pto.

620 2548 762 2619 dierunt.
813 2551 909 2617 Periit
928 2566 1011 2642 opus
1025 2549 1108 2626 hocs
1137 2571 1199 2618 trec
1219 2546 1399 2645 quidquam
1415 2549 1642 2626 construantur
1664 2577 1713 2626 at·

617 2674 684 2745 que
701 2648 742 2718 ad
756 2672 818 2717 nos
835 2646 978 2718 delatum
997 2648 1058 2731 esl,
1076 2646 1135 2718 nisi
1150 2646 1356 2742 fragmenta,
1377 2650 1505 2744 adquae
1530 2650 1713 2749 colligenda

616 2771 716 2845 atque
733 2748 774 2818 ab
790 2752 921 2818 interitu
935 2746 1128 2819 vindicanda
1152 2744 1322 2847 desiissrmi
1349 2752 1410 2821 viti
1438 2774 1572 2846 operam
1598 2778 1715 2829 contu·

617 2850 740 2925 lerunt.
790 2855 871 2919 Sunt
894 2848 963 2917 illi:

584 3054 589 3061 ι
683 2991 739 3037 ιο.
772 2989 967 3048 unverre,
994 2991 1104 3063 aquo
1121 2969 1490 3063 accepimus-veterum
1509 2969 1716 3060 intetp'retum

610 3090 788 3165 grecorum
819 3068 852 3134 in
882 3083 983 3134 totum
1007 3087 1096 3138 vetrtr
1130 3066 1338 3165 adiumentum
1363 3070 1548 3166 fragrttennt
1569 3058 1715 3155 *cellesis

583 3168 587 3179 '
617 3166 708 3264 vtrstr
730 3186 762 3237 et
775 3174 858 3237 notis
878 3167 1043 3261 illustrate,
1066 3169 1252 3241 Atnhenriac‘
1273 3188 1500 3264 MDCXX11.4.
1548 3170 1616 3269 Ipse
1644 3168 1717 3270 qui-

584 3332 586 3341 .
623 3270 701 3340 deur
718 3267 853 3349 Drusrus
867 3287 962 3338 antea
983 3273 1049 3339 vita
1069 3266 1258 3352 decesserat,
1281 3293 1382 3364 quatu
1404 3295 1508 3368 opus,
1541 3272 1632 3368 quod
1659 3273 1717 3344 diu

623 3369 760 3442 molitus
799 3391 887 3464 etat,
922 3367 963 3437 ad
991 3367 1092 3441 finem
1120 3367 1334 3466 perduxissetr
1368 3368 1563 3442 'srrtrrnvs
1605 3394 1717 3447 tamen

584 3546 587 3551 ,
622 3493 780 3543 annua
803 3472 992 3565 preceptori
1018 3469 1075 3560 suo
1099 3470 1167 3542 hoc
1190 3468 1331 3567 praeilitit
1353 3475 1481 3566 pietatis
1499 3472 1662 3558 officium,
1682 3498 1718 3545 vt

621 3570 739 3644 edendi
762 3569 847 3640 illins
873 3594 983 3640 curam
999 3567 1203 3642 laudabiliter
1220 3592 1356 3666 gereret.
1407 3577 1476 3670 Qui
1499 3573 1616 3644 liatutn
1631 3574 1719 3646 litte-

619 3696 731 3744 ratum
747 3675 841 3764 periti
869 3671 965 3754 sunt,
1002 3669 1048 3741 illi
1063 3670 1184 3743 librum
1207 3673 1297 3742 hunc
1314 3678 1425 3764 magni
1447 3671 1592 3750 faciunt,
1615 3700 1719 3769 quum

622 3773 854 3843 adnotationes
875 3766 1071 3843 accesserunt
1093 3770 1233 3847 tuultut'u
1257 3771 1417 3866 elegantes
1432 3797 1471 3843 ac
1490 3773 1654 3867 perutiles.-

688 3906 919 3955 rrrrrrnrvs
952 3909 1178 3983 nosteros,
1216 3892 1305 3958 cuius
1329 3892 1461 3957 noteirt
1492 3895 1600 3959 veriat
1619 3891 1720 3963 lessio-

623 4009 674 4056 nes
705 3986 847 4083 vepretis
858 4008 963 4082 grece
973 3982 1170 4086 septuaginta
1193 3993 1400 4080 interpretum
1415 3987 1529 4059 eadem
1551 3989 1720 4087 fragmen·
1824 3990 1827 3997 ’

627 4106 682 4167 ta,
706 4086 844 4157 studiose
866 4087 1067 4183 conquisrta,
1101 4088 1265 4160 exhibent.
1326 4086 1505 4160 Transtulit
1532 4089 1589 4161 lras
1622 4115 1721 4187 notas

620 4180 849 4257 'vartonus
877 4193 912 4257 in
926 4189 1093 4285 polyglotta
1106 4195 1127 4227 ²⁸
1151 4214 1270 4286 easque
1292 4187 1421 4260 scholiis
1437 4193 1543 4277 auxit,
1562 4196 1720 4287 quaedi-

630 4291 711 4358 tioni
734 4282 877 4364 romane
901 4280 1054 4360 versionis
1085 4287 1288 4388 septuaginta
1310 4284 1523 4391 interpretum
1551 4290 1721 4366 subiundla

631 4385 708 4459 sunt.
1170 4394 1172 4400 ’

689 4527 939 4592 arruannvs
969 4531 1018 4579 or
1050 4530 1375 4599 renuntiarere,
1407 4511 1464 4604 qui
1490 4509 1643 4579 omnium
1663 4533 1722 4579 ex·

633 4602 855 4701 speuationem
874 4605 1054 4706 superauit,
1080 4633 1184 4706 quum
1199 4609 1305 4680 studio
1327 4613 1394 4680 eius
1410 4607 1599 4705 prodirent:
1631 4614 1722 4680 ltexe-

1195 4715 1223 4782 Y
1251 4731 1268 4802 5
1599 4710 1722 4805 plorum

650 4950 981 5067 gforturtraenp.
1028 4960 1058 5067 31'
1160 5029 1163 5033 .
1235 4972 1252 5009 ·'
1351 4992 1355 5001 ·
