4650 5842
781 825 809 859 ·.·
856 787 946 872 vav
973 789 1469 893 murreuvcronrrtrr.
1655 807 1721 884 571

637 965 679 1034 tis
708 985 785 1034 cum
811 963 987 1036 lutheranis
1019 967 1255 1060 coniungendis
1284 988 1488 1062 pugnarunt,
1519 965 1667 1064 princeps¹
1683 967 1727 1040 est

644 1073 856 1136 euounivs
889 1089 1099 1140 cauturus.
1146 1071 1228 1138 Eam
1247 1066 1292 1138 ub
1319 1091 1387 1138 rem
1411 1087 1480 1138 tota
1509 1065 1727 1140 controuersia

592 1159 710 1234 -lraec
733 1163 886 1259 adpellari
899 1163 979 1236 solet
1004 1167 1175 1242 Calixtina.
1214 1164 1384 1260 Regulam
1402 1165 1489 1238 illam
1508 1167 1548 1237 de
1573 1165 1725 1240 consensu
1748 1163 1751 1170 ’

639 1281 772 1358 patrum
790 1270 935 1360 quinque
954 1269 1103 1360 priorum
1120 1265 1320 1350 seculorum,
1345 1287 1444 1361 quam
1470 1265 1615 1338 Calixtus
1633 1291 1725 1346 cont·

638 1362 826 1453 mendauit,
851 1363 874 1434 su
891 1364 931 1435 de
952 1369 1112 1462 principio
1125 1365 1201 1437 fidei
1220 1389 1294 1437 vere
1312 1389 1349 1438 at
1372 1369 1501 1462 proprie
1515 1365 1556 1436 stc
1572 1366 1658 1438 diuo
1675 1370 1724 1438 in·

642 1460 826 1555 telligarnus
846 1464 959 1559 illique
983 1489 1059 1536 cum
1078 1464 1230 1560 scriptura
1248 1466 1343 1535 isacra
1365 1465 1520 1561 aqualem
1555 1467 1726 1538 audiorita-

640 1577 709 1640 tem
742 1562 881 1635 tribuere
910 1563 1070 1648 velimus,
1085 1586 1208 1660 ·eperte
1234 1562 1383 1634 iliafalsa
1416 1565 1471 1646 est.
1545 1563 1726 1638 Consensur

595 1719 600 1726 .
641 1657 736 1756 ipse,
761 1667 818 1758 qui
842 1665 1184 1760 requiritur,.nullunr
1210 1663 1322 1736 lorum
1350 1663 1467 1736 hebere
1492 1665 1615 1763 potest,
1634 1665 1726 1761 quod

595 1805 600 1814 -
641 1764 782 1855 quisque
801 1759 897 1835 facile
922 1788 1034 1860 capere
1052 1757 1204 1861 poterim?
1221 1766 1278 1860 qui
1308 1768 1451 1859 rogitatu
1481 1786 1578 1860 atque
1607 1789 1727 1861 expen-

626 1859 720 1929 dere
739 1861 841 1957 velit,
866 1887 926 1934 nec
943 1868 1093 1938 omnium
1121 1863 1266 1960 ipsorum
1283 1884 1413 1960 patrum
1432 1868 1625 1938 memoriam
1647 1888 1726 1936 con·

608 1955 821 2040 ¹seruatama
850 1985 911 2036 nec
947 1969 1098 2036 omnium
1140 1965 1275 2036 illorum
1310 1961 1493 2060 scriptaad
1524 1987 1586 2036 not
1622 1983 1726 2036 trans·

599 2125 602 2130 .
639 2055 708 2129 lata
732 2057 810 2134 elle:
832 2087 902 2158 quae
917 2064 966 2154 *ad
995 2088 1057 2134 nos
1086 2067 1310 2162 peruenerint,
1338 2063 1417 2158 saepe
1443 2067 1601 2160 varioque
1624 2064 1728 2137 modo

643 2157 821 2253 deprauata
838 2159 948 2234 fuiffe:
970 2189 1078 2258 quatu
1107 2163 1251 2259 patribus
1278 2162 1384 2242 ditur
1420 2183 1477 2234 aut
1509 2163 1624 2256 scripta
1655 2163 1727 2250 fint,

640 2279 682 2328 ea
700 2264 735 2328 in
749 2259 780 2330 se
801 2260 956 2356 spoliata,
983 2263 1155 2347 nonalia,
1176 2262 1234 2332 nisr
1256 2263 1399 2333 humana
1419 2259 1517 2334 effata
1540 2260 1619 2348 elle,
1658 2289 1729 2361 qu:

644 2359 682 2428 in
708 2359 801 2430 rebu's
827 2359 902 2432 fidei
925 2362 1016 2432 suam
1036 2363 1197 2458 probandi
1223 2365 1291 2434 vim
1317 2385 1336 2431 a
1361 2359 1428 2432 sola
1455 2360 1610 2458 scripturn
1630 2363 1728 2450 sacra,

602 2511 605 2516 -
646 2460 733 2528 rede
748 2459 904 2554 explicata
927 2481 1025 2557 atque
1047 2463 1225 2544 intelledla,
1248 2459 1401 2536 habeant.
1451 2467 1534 2558 Quae
1560 2487 1662 2558 quum
1683 2469 1730 2536 ita

647 2557 721 2641 finr,
739 2581 847 2653 aperte
867 2583 998 2645 errant,
1018 2566 1074 2657 qui
1088 2559 1277 2632 consensum
1298 2581 1425 2655 patrum
1448 2565 1514 2632 eiut
1530 2563 1728 2635 auctoritatis

647 2653 720 2741 elle,
734 2659 924 2748 existimant,
937 2683 971 2732 vr
982 2681 1105 2756 putent,
1113 2657 1248 2754 dogma,
1262 2659 1350 2756 quod
1367 2659 1554 2732 consensum
1570 2662 1656 2732 hunc
1666 2685 1731 2759 prae

647 2754 680 2829 se
697 2758 835 2842 habeat,
853 2761 958 2831 solum
981 2761 1102 2831 creditu
1122 2761 1163 2830 ad
1187 2758 1321 2830 salutem
1341 2756 1401 2830 elle
1420 2757 1648 2840 necessarimm
1673 2786 1733 2834 nec

649 2855 712 2928 illis
739 2884 862 2934 errores
885 2859 1144 2932 fundamentales
1173 2859 1340 2957 exprobari
1367 2855 1476 2954 polle,
1505 2863 1562 2958 qui
1589 2861 1731 2946 credant,

573 3009 576 3016 -
602 3019 612 3028 .
641 2982 723 3054 -quae
740 2984 816 3030 curn
841 2959 995 3032 consensu
1017 2961 1083 3030 hoc
1106 2981 1236 3054 patrum
1261 2962 1471 3030 conueniant.
1544 2959 1605 3032 Sed
1627 2981 1734 3032 tamen

648 3081 722 3128 non
748 3058 820 3130 satir
848 3060 1051 3155 exploratum
1073 3059 1136 3143 est,
1175 3058 1270 3156 quale
1294 3063 1488 3153 principium
1514 3083 1551 3130 ex
1583 3059 1736 3132 lententia

651 3159 770 3230 Calixti
795 3164 927 3255 eiusque
950 3159 1142 3230 sedatorum
1174 3157 1342 3248 consensus
1369 3175 1498 3253 patrum
1524 3153 1584 3229 elle
1609 3159 1736 3254 debent,

585 3291 588 3296 ·
650 3281 733 3330 nunt
756 3263 973 3356 primatiuma
1006 3284 1049 3329 an
1080 3258 1315 3338 secundarium.
1365 3257 1571 3356 Quibusdam
1593 3262 1630 3328 in
1654 3258 1736 3330 locis

606 3429 612 3440 ,
651 3358 799 3453 loquitur
823 3357 967 3431 calixtus
988 3359 1029 3432 de
1052 3357 1207 3430 consensu
1223 3377 1353 3453 patrum
1386 3376 1555 3453 tamquam
1599 3361 1736 3454 rincipio

654 3458 855 3531 secundario.
906 3463 992 3556 lnter
1021 3458 1084 3530 alia
1112 3459 1206 3530 dicit:
1277 3461 1355 3528 ando
1373 3459 1409 3526 de
1433 3381 1621 3554 dogmatidu
1635 3459 1739 3528 aliisue

654 3556 745 3630 rebus
763 3577 921 3658 tamquam
934 3563 976 3630 ad
995 3554 1125 3655 sudarem
1141 3483 1307 3654 necefflqudriis
1322 3553 1477 3654 rn‘iifflme
1496 3561 1739 3648 prouurm'aturr

652 3663 802 3760 quidquid
837 3663 945 3728 lorum
968 3663 1134 3749 primitiae
1156 3657 1270 3754 ecclesia
1296 3651 1510 3752 uniuersaliter
1539 3663 1675 3748 recepit,
1703 3660 1740 3738 id

607 3805 619 3840 ι,
653 3783 772 3861 quoquc
788 3781 843 3830 nos
862 3757 945 3838 redit
959 3762 1161 3829 animumn.
1210 3753 1353 3848 ludcfit‚
1376 3773 1413 3824 vt
1428 3751 1636 3852 consenfirsille
1652 3762 1741 3848 prin·

655 3865 792 3950 cipiM,
815 3855 926 3954 saltem
944 3858 1175 3953 secundarium,
1200 3861 1241 3928 ad
1267 3861 1325 3926 lac
1349 3855 1410 3950 ipfia
1437 3853 1644 3948 confinnanda
1664 3857 1741 3927 relu-

656 3977 727 4030 tum
750 3955 855 4028 talcar·
869 3953 965 4056 pofflt.
1015 3960 1208 4029 Commodius
1229 3974 1332 4040 aretem
1353 3956 1444 4049 sorta
1475 3972 1507 4025 ct
1542 3953 1742 4052 gatrficantius

627 4055 885 4158 ..fitbordinatum
912 4061 1054 4139 dicetur,
1074 4063 1148 4156 quia
1176 4057 1315 4126 videlicet
1338 4051 1499 4150 sir-iprum
1524 4080 1618 4138 acra,
1653 4062 1742 4128 unico

648 4157 768 4258 flamme
784 4162 937 4248 principio
961 4175 993 4225 et
1019 4153 1189 4252 duruoelep
1203 4151 1441 4252 subordinatur,
1461 4178 1500 4223 ex
1520 4179 1611 4254 eoque
1626 4180 1743 4225 omnem
1776 4184 1781 4196 ’

650 4257 743 4356 suam
762 4263 828 4328 uim
859 4253 992 4328 laudm*
1039 4253 1117 4326 Alio
1141 4253 1220 4324 loco
1249 4253 1377 4326 scribit:
1429 4259 1462 4323 ui
1490 4255 1597 4351 dogma
1625 4255 1746 4356 aliquod

659 4377 819 4458 tamquam
835 4353 913 4448 fidei
932 4355 1097 4426 aniculam
1119 4359 1262 4446 proponit
1269 4379 1279 4440 ;
1297 4371 1352 4422 aut
1379 4275 1537 4435 obludit,
1555 4355 1631 4423 nihil
1661 4360 1747 4452 agite

658 4459 715 4557 m'ss
731 4451 952 4551 exscriptum,
960 4455 1024 4552 stur
1039 4449 1123 4549 fitia,
1140 4477 1215 4524 uam
1231 4451 1384 4549 persrdlru
1403 4451 1442 4548 cst
1452 4447 1680 4549 scripturam
1700 4477 1748 4524 ea·

658 4583 741 4640 non,
756 4551 872 4656 filique
889 4559 932 4628 ad
948 4557 1051 4628 onmia
1064 4549 1146 4650 satis
1155 4547 1306 4652 superque
1312 4547 1450 4650 fiefficir3
1472 4571 1509 4624 vt
1527 4553 1663 4654 quuitur
1678 4557 1748 4625 Vm·

1464 4719 1470 4732 ,
1684 4677 1750 4724 ctu·

619 4793 778 4820 *a

665 4875 684 4916 2
701 4877 896 4940 exercitatiore
907 4871 941 4936 de
954 4871 1095 4936 mirararis
1113 4863 1240 4962 pristena
1253 4881 1358 4928 eume
1375 4863 1534 4946 Soriuiqw
1545 4868 1574 4946 §,
1584 4883 1661 4930 nux.
