4650 5842
580 763 621 842 τ)-
652 769 840 859 sucu,
869 786 1096 846 sancrrrru
1127 773 1381 847 r'ueoroorn
1415 765 1597 847 rior'i'tr:
1624 777 1644 879 Ἰ
1666 781 1700 869 '5

1068 1006 1099 1104 l.
1155 1007 1258 1088 vill.

579 1163 584 1170 ·
675 1125 787 1230 Qiid
809 1122 856 1214 de'
885 1144 1031 1223 patrum
1067 1125 1225 1203 ecclefiae
1242 1126 1433 1231 theologia
1449 1124 1578 1214 morali
1602 1119 1644 1198 iit
1669 1121 1739 1199 sta·
1770 1206 1774 1212 ,

570 1231 787 1328 tuendum:
821 1250 894 1326 qua
927 1226 969 1299 in
1005 1224 1274 1306 existimatione
1315 1229 1376 1305 illa
1415 1228 1544 1306 haberi
1587 1222 1736 1323 debeat,

572 1331 728 1434 quastio
770 1328 839 1413 est,
876 1349 956 1427 qua
995 1324 1204 1405 diffinitam
1238 1328 1520 1431 ¹'responsionem
1566 1327 1737 1427 postulat.

571 1430 727 1537 Quodli
752 1429 854 1508 enim
877 1426 924 1501 ad
948 1426 1163 1504 methodum
1186 1430 1350 1507 animum
1373 1429 1627 1523 aduerrimus,
1660 1449 1737 1529 qua

575 1549 698 1613 'atres
735 1529 777 1607 in
802 1529 1043 1628 ¹argumentis
1074 1530 1274 1608 moralibus
1302 1532 1516 1610 enarrandis
1548 1526 1599 1606 vfi
1636 1527 1734 1628 suut,

570 1659 656 1712 non
683 1631 834 1734 penitus
854 1630 915 1703 illa
928 1628 1133 1717 laudanda;
1159 1654 1223 1710 aut
1249 1632 1295 1709 ad
1324 1632 1485 1709 robanda
1504 1632 1567 1710 est.
1622 1632 1734 1729 Qua·

569 1740 649 1814 lem
673 1731 892 1811 methodum
923 1729 963 1804 in
987 1729 1071 1805 aliis
1095 1753 1239 1832 parrum
1275 1661 1413 1833 ll'riptis
1445 1729 1637 1809 funilioris
1663 1728 1733 1805 do·

569 1836 702 1915 errinae
732 1830 1073 1933 deprehendimus,
1106 1833 1260 1931 quando
1288 1833 1343 1908 isti
1365 1832 1537 1935 dogmata
1571 1831 1633 1905 vel
1660 1847 1732 1903 tra·

567 1938 672 2015 dunt
701 1954 814 2033 atque
841 1933 1045 2030 explicant3
1081 1937 1141 2009 vel
1168 1934 1212 2009 ab
1244 1933 1460 2010 aduersariis
1477 1928 1747 2023 ‘defendunt3v

566 2042 685 2117 talem
706 2036 816 2113 etiam
835 2035 877 2108 in
907 2032 1105 2108 moralibus
1122 2057 1252 2110 eorum
1273 2029 1512 2109 monimentis
1527 2031 1728 2123 habemus.

566 2146 726 2238 Neque]
753 2132 994 2211 adcuratioris
1029 2132 1171 2218 ordinis
1181 2158 1192 2221 3
1232 2158 1359 2235 neque
1394 2134 1503 2227 iustaez
1533 2158 1575 2209 ac
1605 2126 1729 2207 solida

566 2236 805 2343 probationis
830 2231 980 2309 studiosi
1007 2254 1122 2313 erant.
1693 2219 1699 2238 “

587 2435 608 2457 κ
676 2379 927 2478 Intelligendum
950 2379 1016 2448 hoc
1047 2378 1091 2450 est
1109 2365 1269 2478 praecipue
1300 2376 1520 2477 departibor,
1547 2379 1604 2472 qui
1625 2376 1731 2474 manig
1792 2415 1798 2434 ι

620 2509 677 2558 me
703 2482 804 2562 tribus
837 2479 1001 2575 prioribus
1044 2478 1155 2551 seculis
1181 2490 1343 2555 vixerunt.
1416 2479 1538 2566 Verlati
1558 2476 1606 2568 illi
1641 2473 1727 2547 mul·

619 2606 695 2658 tum
723 2582 858 2656 suntin
885 2580 962 2663 illis,
998 2604 1081 2677 qua,
1104 2581 1144 2651 ad
1172 2575 1315 2667 ἄσκησιν
1346 2577 1532 2677 spedlabant
1554 2602 1592 2647 ac
1619 2569 1726 2672 quuni
1798 2569 1800 2574 ’

608 2684 706 2758 :alios
738 2683 927 2776 instigarent
961 2706 999 2749 ac
1032 2685 1286 2760 commonerent
1334 2682 1375 2774 ad
1399 2680 1512 2751 'studia
1556 2676 1726 2748 sandicus·

586 2790 720 2870 ¹vitat,
760 2782 826 2879 ipsa
863 2781 1038 2852 methodus
1065 2779 1200 2864 ascetira
1231 2782 1426 2879 postulauit,
1468 2800 1505 2851 vt
1532 2780 1728 2850 adcuratum

566 2879 574 2899 ‘
619 2884 775 2962 ordinem
797 2882 1009 2979 negligerent.
1062 2881 1180 2954 Seruio
1202 2904 1321 2979 quarto
1352 2909 1390 2952 ac
1419 2886 1537 2979 quinto
1561 2882 1727 2974 antiquio·

615 2991 665 3060 ris
685 2983 820 3058 ecclefiae
851 2984 1017 3072 dodores
1039 2981 1228 3081 ceperunt,
1263 2984 1297 3054 id
1336 2982 1514 3078 diligenter
1530 2974 1664 3064 curare,
1688 2995 1725 3051 vt
1792 3040 1797 3050 .

614 3086 736 3161 schola
755 3085 946 3156 inleruireur
972 3109 1010 3153 ac
1028 3085 1174 3174 methodi
1193 3085 1383 3180 ordinisque
1405 3079 1531 3178 regulas
1553 3079 1727 3177 sequeren·
1774 3105 1776 3112 ·

617 3207 685 3260 tur.
731 3189 770 3260 In
791 3184 852 3255 illis
872 3189 1021 3284 princeps
1041 3175 1107 3274 fult
1127 3176 1327 3282 Augustinus
1343 3208 1382 3256 ac
1400 3182 1581 3282 permultos
1608 3181 1724 3252 nullus

567 3289 574 3296 ’
612 3289 661 3363 est
679 3285 831 3361 adseclas.
1017 3287 1021 3296 ’
1076 3297 1082 3306 “
1412 3291 1416 3302 ’

663 3528 724 3611 Ad
745 3549 888 3631 patrum
905 3527 1077 3631 dogmata
1098 3528 1251 3608 moralia
1268 3525 1380 3631 ipsasr
1396 3528 1540 3608 animos
1565 3552 1723 3612 conuer«

566 3633 680 3714 timus
703 3632 910 3732 eademque
931 3657 1016 3708 cum
1042 3630 1188 3708 iudic'o
1206 3629 1723 3734 diligeuter.‚conteruplamur,

566 3733 781 3814 videbimus
797 3733 883 3809 sane
909 3731 1103 3833 inscriptis
1124 3656 1273 3810 illorum
1295 3752 1472 3832 praecepta
1489 3754 1599 3833 arque
1615 3734 1722 3814 effata

566 3833 858 3938 praclara,omui
872 3831 1036 3911 lestioue
1051 3833 1168 3936 digna
1187 3857 1229 3908 ac
1252 3830 1452 3935 diligenter
1461 3834 1718 3932 custodienda.

566 3943 653 4024 Nee
671 3955 795 4032 tamen
812 3933 1029 4035 negandum
1044 3936 1107 4035 est,
1120 3935 1204 4016 illos
1223 3932 1275 4010 vti
1294 3933 1334 4009 in
1350 3934 1505 4036 reliquis
1518 3935 1720 4040 theologiae

566 4037 758 4141 partibus3
777 4036 827 4113 ita
846 4035 886 4112 in
898 4035 965 4112 hac
977 4059 1131 4136 quoque
1153 4032 1351 4111 averitatis
1360 4035 1427 4111 via·
1435 4035 1524 4135 sape
1538 4036 1717 4122 aberrail‘e

566 4165 610 4218 ac
631 4137 1027 4217 varia-imbecillitatis
1051 4136 1275 4234 documenta
1300 4135 1496 4236 reliquilie.
1549 4139 1720 4220 Genera.

566 4242 634 4330 tiro
651 4239 696 4318 ab
725 4262 790 4324 eo,
815 4236 919 4342 quod
934 4262 1065 4315 verum
1081 4238 1153 4335 est,
1172 4235 1427 4324 deflexerunt,
1450 4261 1569 4339 quum
1591 4238 1718 4318 discri-

566 4365 656 4435 men
677 4359 824 4424 natura.
846 4362 889 4416 ac
914 4340 1034 4441 gratia
1062 4341 1123 4422 vel¹
1139 4363 1218 4415 non
1243 4338 1717 4439 exploratumhabuerint3

566 4446 629 4523 vel
650 4466 731 4519 non
747 4439 921 4518 adcurate
946 4437 1225 4540 adplicauerint.
1273 4513 1275 4518 ,

678 4574 729 4644 Eo
754 4566 879 4640 fadum
902 4570 966 4653 eil,
991 4589 1027 4639 vt
1049 4568 1281 4663 devprintipiis
1305 4565 1422 4662 deque·
1442 4569 1561 4641 morali
1590 4573 1720 4661 ratione

615 4672 786 4745 odiorum
824 4671 1043 4741 humanarum
1085 4692 1156 4738 non
1191 4664 1316 4763 semper
1345 4670 1650 4742 redieiudicarrnt
1682 4698 1722 4749 uc

614 4773 710 4873 quod
719 4774 837 4870 gratia
851 4772 968 4844 diuinae
984 4769 1138 4841 debentur
1147 4785 1159 4857 ‚'
1173 4769 1206 4840 id
1220 4789 1341 4840 natura
1352 4769 1554 4864 tribuerunt
1571 4797 1633 4845 nec
1645 4781 1724 4849 ver'e'·

1174 4871 1344 4990 liu...¹
1605 4874 1725 4993 ''defi‘-
