4650 5842
638 779 691 856 94
927 770 1086 840 etrvp
1114 772 1171 848 ptr.
1209 769 1492 844 nr,scrrrrra

640 878 1796 920 u-—,---·÷·-·--·-·······-···-·-----·—-q

641 1019 645 1028 ,
686 948 825 1027 Hentici
847 942 1003 1040 Stephani
1028 940 1138 1024 nont,
1162 933 1285 1009 Parisiis
1307 960 1346 1011 ex
1369 938 1454 1012 didla
1481 940 1614 1016 officina
1638 933 1799 1043 stephani

689 1053 885 1136 prouvinss.
1328 1049 1335 1078 ¹·
1651 1083 1656 1092 ·

645 1215 650 1226 ,
747 1148 786 1193 **
806 1150 852 1217 Io.
867 1139 1030 1218 frodarius
1043 1142 1192 1212 nominis
1212 1138 1338 1214 famam
1359 1141 1416 1214 sibi
1437 1143 1610 1241 adquisruit
1634 1170 1708 1220 non
1722 1172 1795 1221 me·

643 1313 650 1330 .
688 1252 845 1323 diocretn.
893 1242 1130 1316 celeberrimus
1143 1240 1200 1318 ille
1219 1237 1263 1312 'est
1283 1243 1490 1328 eruditione,
1515 1245 1689 1334 industria,
1725 1257 1798 1322 mei

690 1355 760 1426 ritir
780 1354 817 1420 in
835 1371 904 1418 tem
925 1344 1137 1424 litterariam,
1154 1344 1195 1412 ad
1212 1367 1313 1439 quam
1330 1346 1515 1417 ornandam
1537 1347 1661 1420 nullam
1677 1373 1793 1422 cutam

647 1521 652 1530 ,
688 1471 893 1548 operamque
921 1444 1074 1540 neglexit.
1125 1443 1302 1546 officinam
1329 1444 1444 1516 habuit
1473 1446 1597 1518 Bafileae
1617 1452 1725 1546 inque
1753 1474 1793 1522 ea

641 1614 649 1622 .
685 1573 793 1624 artem
810 1551 951 1622 exercuit
970 1567 1037 1616 tarn
1051 1545 1207 1615 laudabili
1238 1546 1367 1630 studio,
1397 1568 1468 1617 vta
1492 1548 1589 1617 nullis
1608 1555 1720 1636 curis,
1745 1554 1793 1622 vi·

688 1653 796 1749 giliis,
819 1647 1006 1720 laboribus:
1044 1647 1178 1715 anullo
1203 1644 1320 1734 sumtu„
1334 1645 1457 1718 alienus
1484 1643 1575 1732 essem
1608 1675 1670 1722 nec
1695 1641 1792 1748 ¹qnid·

644 1829 650 1838 ,
687 1777 791 1850 quam
807 1753 994 1832 omitteret,
1019 1748 1109 1844 quod
1135 1745 1176 1818 ad
1190 1744 1317 1830 libror,
1353 1747 1507 1822 adcurate
1531 1773 1630 1845 atque
1662 1750 1812 1848 elegans

645 1921 648 1928 .
686 1873 738 1924 tet
754 1848 1003 1932 describendos,
1026 1846 1218 1943 pertinebat.
1270 1853 1357 1940 Inter
1378 1853 1623 1948 typographos,
1651 1857 1790 1924 Germa·

534 1961 539 1973 '
643 2019 654 2026 .
688 1977 812 2026 norum
832 1949 959 2036 saltem,
986 1951 1167 2044 principem
1184 1947 1295 2022 locum
1317 1948 1373 2020 sibi
1388 1948 1473 2022 ¹fecit
1494 1975 1533 2022 ac
1552 1947 1664 2036 libris,¹
1687 1957 1792 2050 quiex

644 2101 655 2142 ς
686 2053 820 2142 officina
849 2056 917 2122 eius
947 2048 1159 2144 prodierunt,
1183 2055 1342 2145 praecipue
1364 2049 1488 2145 scriptis
1514 2073 1646 2147 patrum
1667 2053 1790 2126 latino·

685 2181 784 2239 rum,
805 2150 916 2249 paullo
937 2149 1009 2245 post
1025 2171 1113 2222 ame
1130 2150 1520 2238 commemorandotum,
1542 2178 1699 2250 magnam
1722 2153 1791 2228 lau·

645 2321 650 2332 .
672 2257 763 2350 ¹dem
780 2275 878 2351 atque
893 2251 1160 2324 existimationem
1176 2246 1375 2340 donciliauit.

745 2370 807 2426 **.*
828 2389 1012 2436 ransnvs
1040 2364 1226 2461 praelatam
1252 2389 1388 2463 operam
1403 2369 1493 2439 ineo
1514 2391 1649 2466 quoque
1669 2370 1788 2466 posuit,

645 2521 650 2528 .
682 2491 722 2546 vt
737 2469 852 2566 scripta
865 2487 1003 2561 patrum
1024 2459 1309 2554 eeclesiasticotum
1325 2468 1433 2541 debita
1455 2467 1519 2542 fide
1532 2491 1631 2566 atque
1650 2470 1788 2544 adcura-

521 2591 525 2602 ’
644 2627 649 2638 .
683 2577 776 2656 tione
795 2565 988 2639 recenseret:
1012 2589 1085 2661 qun
1105 2563 1218 2636 vitiosa
1236 2572 1272 2636 in
1294 2568 1354 2640 illis
1377 2568 1531 2653 fuerant,
1565 2594 1603 2641 ea
1631 2573 1786 2646 emenda·

683 2693 735 2746 ret
758 2665 1074 2765 arquesubiungeret
1090 2667 1398 2741 animaduersiones.
1448 2665 1705 2754 Editionetbae,
1732 2697 1785 2770 pa·
1821 2747 1828 2768 ,V

645 2761 773 2866 ..epum
802 2770 952 2865 inprimit
978 2767 1177 2857 latinorum,
1203 2767 1344 2846 Basdeae·
1364 2796 1403 2842 ex
1427 2770 1785 2857 Frobeninnaoffieina

530 2873 534 2880 ’
620 2901 623 2908 ·
661 2878 719 2950 in
736 2872 845 2944 lucem
871 2868 1083 2966 prodierunt,
1110 2867 1303 2963 singularem
1329 2870 1460 2952 laudern
1483 2871 1784 2969 consequu'tar-sunt

646 3013 658 3036 ·.
686 2997 786 3070 atque
813 2969 965 3044 eamdem
990 2967 1177 3042 constanter
1208 2968 1453 3049 conseruerunt.
1504 2979 1633 3046 Locum
1659 2979 1697 3048 in
1724 2975 1784 3048 illie

680 3076 826 3154 habent:
1431 3133 1434 3138 .
1698 3113 1702 3124 ·
1745 3091 1749 3098 '

746 3195 943 3248 cinctuti
969 3189 1203 3257 cruenter,
1230 3170 1355 3270 episcopi
1384 3177 1658 3276 Crniaginimfir,
1683 3201 1785 3270 opera,

680 3273 722 3350 ab
736 3277 905 3373 innumeris
931 3275 1252 3369 meridi-repurgata,
1274 3275 1402 3348 aunan
1424 3278 1575 3348 namnids
1605 3275 1712 3350 libellis
1745 3304 1785 3350 rx

648 3413 656 3424 ·
686 3371 905 3473 uceufltffimir·
919 3368 1142 3463 exemplaribrtr
1151 3423 1162 3456 ,
1191 3399 1256 3474 qua
1273 3376 1417 3447 maenus
1435 3399 1497 3448 nott
1521 3375 1728 3463 tibrim,
1748 3405 1786 3451 ac

648 3476 799 3579 ,fimetis
814 3480 875 3557 iit,
894 3497 959 3574 φα
969 3469 1052 3570 falb
1080 3469 1267 3546 videbamur
1287 3475 1452 3572 inscripta,
1476 3503 1541 3548 vna
1567 3503 1636 3550 cum
1655 3485 1786 3552 adnota-

679 3578 846 3658 tiunculis,
869 3573 970 3669 fludio
998 3577 1126 3646 Erasmi
1160 3578 1384 3663 Rotcrodami,
1412 3577 1537 3650 Bafileae
1571 3580 1658 3675 apud
1682 3587 1787 3654 Ioan.

679 3703 760 3753 nem
774 3677 973 3748 Frobeniurn
988 3692 1110 3750 MDxx.
1123 3674 1185 3745 fol.
1213 3702 1315 3772 quarn
1328 3683 1468 3778 primam
1483 3679 1659 3751 editionem
1675 3682 1786 3778 plures

678 3781 749 3852 aiiae
766 3777 905 3873 sequutae
921 3773 994 3846 sunt
1011 3795 1109 3872 atque
1121 3781 1156 3845 in
1171 3775 1221 3847 his
1230 3775 1395 3864 secunda,
1419 3779 1533 3852 itidem
1553 3780 1678 3854 Bafileae
1696 3784 1786 3884 apud

677 3879 900 3960 frobenium,
924 3892 1075 3952 Mnxxv.
1099 3874 1200 3950 iol*
1322 3917 1324 3922 ·
1386 3921 1389 3930 ·

745 4000 941 4063 irruitur,
961 3974 1161 4048 Piddasrorum
1187 3974 1329 4074 episcopi,
1356 3976 1601 4066 brcubrationes,
1632 4001 1788 4084 quotquot

676 4080 813 4177 exstant,
838 4077 911 4148 olim
931 4099 990 4167 per
1020 4078 1116 4176 Deleri.
1144 4077 1309 4174 Erasinum
1333 4085 1576 4152 Rotriudamum
1608 4061 1818 4170 canendam,-

677 4207 759 4255 mmc
772 4183 868 4249 denuo
879 4182 1060 4273 recognita,
1074 4175 1198 4250 Basileae
1207 4188 1243 4250 in
1254 4180 1386 4252 officina
1397 4182 1602 4256 frobeniana
1616 4203 1788 4268 MDqul.

677 4287 848 4355 etiterum
870 4295 1046 4378 Mnxxxv.
1060 4275 1123 4355 fol.
1141 4283 1185 4327 *⁴
1568 4313 1572 4330 ·
1629 4363 1631 4368 ,
1767 4317 1807 4380 ‘g

1256 4383 1260 4392 ’
1491 4456 1497 4478 ‚
1621 4408 1788 4470 nirano·

557 4631 560 4636 .
668 4593 834 4647 *rantur
857 4583 988 4663 prestun
1009 4585 1106 4646 locum
1130 4584 1216 4648 habet
1235 4589 1315 4654 inter
1342 4592 1402 4652 eius
1422 4591 1539 4673 epistolas
1562 4593 1624 4657 lilr.
1645 4614 1789 4663 xxviii.

697 4669 811 4733 num.6.
828 4689 857 4748 p.
868 4669 952 4745 1615.
973 4666 1094 4748 edition.
1118 4669 1292 4733 Londinens

667 4749 704 4796 ¹⁸¹*
722 4771 810 4824 qutun
830 4748 1159 4830 nntentrprntnifit,
1175 4753 1305 4833 prefatio
1322 4752 1468 4820 censuram
1484 4779 1636 4822 rotnantm
1654 4781 1688 4825 ae
1702 4761 1787 4825 theo·

682 4829 1036 4917 iugoruml’atilienfium
1052 4855 1169 4917 experta
1186 4837 1245 4917 eil,
1267 4841 1408 4920 quoniam
1424 4842 1475 4910 illa
1493 4847 1607 4909 Erasini
1625 4843 1785 4910 sententiis

1595 4991 1615 5014 ,
1723 4951 1785 5012 pta·
