4650 5842
737 705 739 709 ,
853 676 858 715 l

557 742 989 864 ‘3i2²cu1⁵vtvrt'.or
1011 740 1185 844 orrtvu
1206 754 1432 844 recreetur
1452 756 1752 867 utv'btr'rout,

592 892 1742 918 ....................................-......-....-...

520 941 524 981 ³
635 951 825 1027 consutauit
839 973 872 1024 et
888 973 924 1023 vt
936 949 1003 1049 ipse
1024 974 1141 1022 vocem
1165 950 1251 1020 hanc
1264 953 1495 1044 interpretatus
1507 944 1581 1032 esi,
1608 938 1746 1019 salubre·

636 1061 720 1128 rima
744 1053 889 1126 remedia
911 1050 1060 1136 aduersus
1082 1051 1216 1124 illorum
1245 1073 1369 1122 venena
1387 1046 1651 1125 commendauit.
1701 1055 1741 1121 lta

544 1221 546 1226 .
635 1153 758 1255 prabet
783 1153 815 1225 se
831 1178 907 1225 cum
926 1147 1143 1230 historicum
1165 1173 1236 1222 tunt
1265 1148 1511 1245 disputatorem.
1564 1147 1738 1222 Adcusatur

547 1234 551 1257 ¹
637 1249 724 1327 non
744 1252 810 1324 stne
836 1247 942 1341 caussa
966 1254 1076 1333 nimia
1101 1249 1299 1325 credulitatis
1321 1271 1353 1321 et
1379 1274 1439 1347 per
1462 1248 1549 1320 hanc
1568 1249 1650 1323 fides
1678 1255 1756 1367 tius⁴

631 1360 749 1451 exigua
770 1354 826 1430 est.
883 1363 885 1371 ’
1111 1422 1113 1428 ,
1145 1403 1149 1412 ·
1707 1364 1710 1377 '
1751 1378 1756 1455 ἦ

502 1526 506 1537 ,
591 1514 595 1519 .
698 1470 968 1528 avovsrrttvs
997 1450 1084 1525 libro
1113 1439 1156 1524 de'
1181 1447 1333 1553 heresibus
1357 1456 1400 1523 ad
1427 1456 1522 1550 Qud
1544 1452 1614 1523 vult
1644 1456 1756 1535 denus

630 1579 701 1656 quo
722 1572 899 1661 Lxxxynl.
922 1552 1053 1625 haereses
1081 1558 1319 1634 aSimouianis
1346 1579 1452 1651 usque
1475 1554 1517 1624 ad
1547 1555 1728 1648 Pelagianos
1749 1526 1756 1583 Ι

615 1678 839 1731 .eoarrantur·.
886 1652 1098 1753 Adiungiilli
1113 1653 1241 1738 solent,
1277 1675 1447 1751 tamquam
1465 1654 1650 1752 adpendit,
1676 1655 1726 1722 lie·

568 1790 576 1809 1¹
631 1756 715 1833 reses
751 1753 1050 1854 praedestinatiana,
1083 1755 1301 1840 Nestorium,
1333 1758 1538 1851 Eutychiana
1565 1776 1598 1827 et
1613 1760 1727 1850 '‘Tinu-
1744 1790 1756 1839 ,.·

626 1859 771 1950 theana,
793 1881 864 1953 quae
884 1868 1130 1929 ¹carttrtuoru
1163 1852 1336 1956 Maffilt'enfi·
1360 1856 1549 1951 tribuuntur
1578 1850 1676 1951 atq'ue
1695 1878 1725 1924 er
1747 1850 1756 1883 ¹·

513 2024 515 2029 .
604 1952 822 2030 librit‘eius
849 1957 928 2027 osio
960 1955 1249 2032 aduersustomncs
1282 1953 1400 2053 hareses
1429 1978 1558 2031 tantum
1584 1951 1726 2052 superesse

614 2057 828 2151 creduntur3
854 2059 1001 2129 attamen
1021 2058 1058 2129 in
1087 2057 1286 2155 quibusdam
1304 2058 1505 2153 editionibus
1519 2057 1643 2130 haerefis
1658 2081 1727 2155 pra·

629 2159 844 2235 'destinatiana
856 2161 1032 2243 omittitur.
1437 2226 1443 2235 Ι

695 2250 859 2334 uvorou
879 2257 1216 2357 pradestinute’,‘quod
1235 2282 1319 2355 opus
1342 2257 1445 2331 tribus
1479 2255 1570 2329 libris
1601 2250 1725 2328 conllat.

628 2363 757 2434 Eorum
774 2366 877 2452 ptimo
900 2363 1084 2454 nonaginta
1099 2354 1230 2430 hareses
1255 2385 1273 2430 a
1294 2365 1430 2431 Simone
1448 2383 1549 2454 mago
1571 2356 1725 2454 usquead

627 2460 872 2561 praedestinatos
891 2458 1116 2533 recensenturz
1144 2459 1275 2557 senentio
1292 2460 1375 2533 liber
1401 2459 1458 2530 sub
1480 2461 1653 2555 Augustini
1673 2481 1724 2528 no·

627 2560 920 2645 murmurium,
949 2558 1136 2646 exhibetur,
1162 2584 1231 2659 quo
1258 2560 1416 2633 sententia
1438 2560 1723 2655 praedestinatiano-

632 2686 730 2746 rum,
763 2662 817 2739 dei
847 2655 1126 2757 praedestinatione
1158 2683 1292 2759 peccata
1329 2660 1517 2749 committi,
1551 2660 1756 2749 defenduut,

597 2789 599 2801 ·
624 2786 668 2849 ac
689 2768 804 2833 tertius
825 2761 1053 2857 compleslitur
1067 2758 1334 2835 confutationem
1352 2762 1515 2855 sententia
1530 2763 1637 2843 huius
1680 2764 1722 2830 De
1753 2790 1756 2819 :

626 2865 762 2936 auslote
783 2862 990 2960 predestinati
1017 2863 1114 2933 huius
1139 2864 1332 2946 couiesiutae
1362 2859 1626 2947 dodliffimotum
1647 2867 1722 2948 vito·

609 2962 705 3037 ·ruiu
726 2970 824 3039 variae
840 2963 939 3042 sunta
964 2986 1026 3036 nec
1045 2962 1143 3047 licet,
1169 2967 1247 3034 certi
1270 2964 1350 3062 quid
1375 2965 1536 3039 statuere·
1575 2970 1646 3035 Iam
1664 2968 1756 3049 me·„{

560 3068 563 3078 ’
625 3070 766 3151 moratis
811 3063 1021 3160 scriptoribus
1048 3062 1258 3134 adnumerari
1292 3064 1419 3136 solent:
1458 3084 1723 3159 incursurae
1752 3098 1756 3115 ·

616 3176 961 3255 ·'rrtrooourrvs,
982 3187 1086 3260 quum
1110 3163 1165 3236 ille
1186 3163 1289 3237 libros
1309 3171 1457 3262 quinque
1480 3164 1626 3261 aditerfits
1646 3170 1722 3235 lero

614 3262 665 3366 ses
683 3266 803 3363 hicque
823 3266 939 3337 itidem
959 3262 1062 3335 libros
1084 3268 1231 3364 quinque
1249 3269 1461 3365 hereticorum
1477 3263 1662 3366 fabularum
1678 3287 1721 3335 te·

611 3366 776 3464 =liquerit3
802 3371 925 3437 omitto
954 3388 1066 3437 autem
1087 3389 1163 3453 eos,
1198 3370 1360 3465 quoniam
1385 3390 1548 3439 nontam
1580 3372 1616 3439 in
1634 3367 1723 3438 hillo·

623 3471 720 3546 ricis3
741 3491 843 3564 quam
866 3466 1035 3562 polemicis
1059 3465 1268 3563 scriptoribus
1295 3468 1490 3540 numerandi
1511 3465 1598 3544 sunt.
1650 3473 1723 3538 Pta-

625 3590 719 3639 teteo
747 3592 884 3665 quoque
903 3566 1070 3638 indiculum
1093 3571 1130 3637 de
1152 3564 1322 3668 turellas,
1346 3573 1405 3666 qui
1433 3567 1491 3639 sub
1519 3592 1725 3640 nrnnouu·

620 3690 678 3740 atr
696 3673 847 3762 *nomine
871 3659 1006 3765 prodiit'.
1069 3670 1315 3765 Hieronymum
1344 3673 1435 3742 enim
1454 3670 1634 3742 'audiorem
1649 3669 1725 3742 illiut

620 3769 712 3844 ltaud
730 3766 811 3855 esse,
834 3767 928 3867 supra
947 3793 1085 3843 ornnem
1099 3766 1341 3843 dubitationem
1359 3771 1501 3866 positum
1521 3770 1576 3841 est.
1608 3764 1611 3769 ’

686 3877 769 3942 Sunt
788 3871 851 3959 alia
882 3868 1017 3967 scripta,
1044 3894 1127 3967 quae·
1142 3870 1184 3943 de
1205 3886 1337 3966 patrum
1360 3869 1441 3943 sacri
1467 3873 1595 3942 ordinis
1625 3866 1727 3946 erudl·

620 3972 716 4044 tione
735 3996 774 4043 ac
800 3972 968 4068 diligentia
981 3970 1145 4042 historica
1169 3972 1337 4048 testantur.
1391 3978 1430 4045 In
1446 3971 1508 4043 illis
1526 3972 1641 4044 locum
1661 3992 1727 4041 non

618 4070 816 4157 inferiorem
837 4092 969 4164 tuentur
1011 4093 1190 4143 susurri
1220 4077 1439 4148 monimenta.
1490 4077 1619 4145 Primus
1648 4077 1726 4142 inte't

620 4192 746 4245 veteres
774 4169 982 4269 geographiae
1007 4170 1132 4244 biblicae
1165 4171 1274 4245 lucem
1303 4171 1445 4258 admit,
1477 4196 1583 4270 quum
1610 4173 1725 4245 librum

617 4270 695 4376 περὶ
715 4273 773 4370 luit
787 4274 935 4349 tumentis
956 4266 1120 4365 u'toua7ou
1148 4272 1233 4362 istst
1253 4270 1338 4374 θείᾳ
1364 4273 1516 4379 ypepis,
1539 4278 1578 4346 de
1600 4276 1746 4361 nomini·-

621 4369 678 4444 bus
692 4374 827 4445 loconnn
857 4390 890 4443 et
906 4366 1034 4443 urbium
1057 4377 1092 4443 in
1106 4372 1202 4470 fittra
1219 4375 1396 4470 scriptura,
1415 4375 1605 4473 composuit
1623 4396 1724 4473 eoque

621 4474 781 4550 recensuit
798 4479 937 4546 nomina
956 4473 1120 4546 diuorum
1142 4473 1296 4547 locorum
1311 4475 1428 4546 ordine
1443 4475 1648 4549 litterarum:
1670 4498 1721 4545 eo·

620 4577 774 4652 eumdem
795 4574 891 4649 situm
909 4598 947 4647 ac
970 4572 1144 4670 quomodo
1171 4595 1264 4650 atate
1290 4579 1358 4649 eius
1380 4576 1645 4673 adpellarentur‚
1677 4598 1721 4646 ex·

618 4675 743 4770 plicuit.
792 4681 876 4749 Non
899 4698 1011 4771 expers
1035 4674 1081 4745 est
1105 4678 1264 4748 vitiorum
1281 4701 1366 4772 opus
1380 4677 1455 4748 hoc.
1493 4677 1570 4759 Alia
1589 4675 1717 4759 omissa:

498 4876 499 4880 Ἰ
617 4776 700 4863 alic,
722 4801 827 4877 quum
848 4776 1000 4852 Eusebius
1014 4774 1136 4875 linguat
1156 4776 1267 4852 ebroeae
1286 4781 1419 4876 ignarus
1439 4775 1516 4855 esset
1544 4798 1591 4857 ιε’
1608 4781 1719 4856 versu·

1293 4926 1297 4935 ·
1495 4908 1500 4917 ’
1646 4903 1717 4955 uem
