4650 5842
640 729 873 868 'addetam
900 759 1047 840 raelaia
1077 748 1794 876 atr-evar-ncctaatauJnavotmouu

652 937 759 1039 [ipse
780 964 850 1011 non
870 963 908 1010 ea
929 941 1057 1020 ratione
1081 935 1215 1034 scriptus
1244 936 1306 1023 cst,
1331 962 1432 1034 quam
1460 961 1538 1032 vera
1566 936 1717 1020 ac·bene
1740 940 1793 1011 dis·
1821 987 1823 993 -

582 1053 585 1073 ¹
668 1041 796 1141 ,ponta
812 1049 942 1137 patrum
963 1033 1130 1133 theologia
1151 1038 1345 1135 requiriri
1712 1083 1714 1088 »

761 1167 818 1219 to.
852 1163 1173 1228 caeteroruoet
1212 1162 1520 1211 taruennam
1561 1137 1791 1235 ticohgiapri·

606 1259 609 1266 “
659 1265 811 1328 ,morum
834 1238 1067 1336 christianorum
1091 1242 1285 1338 dogmatica,
1307 1265 1350 1310 cac
1378 1246 1577 1312 nutrimentis.
1590 1258 1723 1331 parmam
1752 1262 1792 1306 ec·

579 1413 585 1432 ,
693 1330 851 1444 alestoflicis
870 1339 1010 1423 callidio,
1034 1339 1201 1412 Brunsuici
1220 1358 1472 1433 MDcchvi.4.
1496 1347 1534 1418 Iu
1554 1340 1714 1437 opusculo
1733 1339 1792 1408 hoc

600 1439 604 1446 ’
656 1527 660 1532 ,
692 1446 807 1535 audior
836 1463 1079 1513 commentatur
1106 1440 1148 1512 de
1171 1439 1261 1530 libris
1283 1446 1466 1530 ¹canonicis
1495 1440 1608 1524 saccio,
1646 1455 1732 1537 quot
1765 1460 1792 1509 et

692 1544 803 1642 quales
822 1547 857 1613 in
884 1541 1013 1613 ecclefia
1041 1546 1148 1638 prima
1171 1541 1365 1618 exstiterint:
1405 1542 1446 1613 de
1469 1542 1597 1625 studio,
1622 1565 1693 1637 quo
1715 1538 1790 1625 olim

689 1639 828 1741 'apostoli
856 1642 972 1739 scripta
1007 1640 1062 1712 sua
1088 1664 1204 1716 contra
1225 1666 1367 1733 omnem
1397 1641 1546 1715 fraudem
1580 1644 1792 1738 praemuniue·

578 1770 599 1785 ·“
688 1753 778 1820 rint:
805 1768 869 1840 qua
898 1740 963 1813 fide
990 1741 1093 1814 coctus
1121 1742 1200 1813 sacri
1228 1743 1431 1842 authenticas
1461 1742 1689 1840 apostolomm
1705 1744 1788 1813 litte·

669 1863 743 1919 'ras
759 1843 991 1915 custodiuerint
1014 1865 1129 1940 etqua
1157 1841 1324 1938 diligentia
1348 1866 1470 1923 veteres
1493 1843 1655 1915 christiani
1677 1844 1789 1914 omnia

617 1992 622 2008 ι
693 1946 735 2017 ad
754 1944 900 2040 regulam
921 1937 1042 2014 codicis
1066 1944 1145 2015 sacri
1165 1948 1340 2040 exegerint.
1389 1944 1543 2018 Recenset
1560 1962 1670 2042 patres
1693 1949 1790 2016 trium

690 2051 838 2144 priorum
862 2043 1062 2128 seculorum,
1090 2068 1234 2141 quorum
1258 2045 1364 2114 adhuc
1400 2044 1521 2117 exstant
1559 2050 1787 2132 monimenta:

688 2168 818 2228 enarrat
835 2169 950 2215 eorum
972 2142 1147 2218 sententias
1173 2144 1213 2215 de
1231 2145 1296 2217 deo
1313 2171 1380 2216 vno
1398 2169 1430 2217 et
1456 2152 1566 2230 trino,
1582 2145 1622 2216 de
1646 2166 1785 2240 utraque

690 2247 796 2321 christi
826 2265 960 2326 natura,
987 2246 1028 2315 de
1054 2246 1266 2318 humanitatis
1301 2246 1408 2318 christi
1442 2246 1523 2319 statu
1552 2268 1724 2348 utroque,
1750 2243 1788 2313 de

654 2430 657 2437 Δ
690 2354 759 2422 eius
775 2346 921 2418 descensu
940 2346 981 2415 ad
997 2345 1134 2428 inferos,
1158 2346 1199 2423 de
1212 2346 1382 2418 diuinitate
1392 2347 1517 2443 spiritus
1531 2345 1641 2431 sandi,
1659 2346 1701 2417 de
1714 2367 1787 2441 gra·

673 2455 741 2522 tite
758 2449 809 2518 dei
825 2472 864 2516 ac
880 2446 1088 2519 redemtionis
1102 2445 1208 2517 christi
1227 2445 1475 2527 uniuersalium,
1487 2448 1527 2520 de
1546 2450 1695 2518 inaudita
1706 2447 1786 2516 olim

689 2555 775 2621 inter
795 2548 941 2631 latriam,
966 2546 1089 2617 duliam
1109 2570 1140 2619 et
1155 2543 1381 2644 hyperduliam
1401 2548 1618 2620 distindiione.
1670 2546 1784 2620 Osten-

686 2652 735 2726 dit
759 2666 930 2745 ρωποι,
956 2651 1156 2745 antiquiores
1182 2647 1371 2721 christianos
1401 2650 1525 2721 alienos
1546 2644 1675 2721 fitiffea
1696 2642 1784 2719 cultu

683 2741 892 2845 imaginum:
920 2753 1040 2820 crucis
1074 2749 1201 2846 signum
1229 2754 1298 2820 iam
1330 2747 1438 2822 seculo
1477 2748 1611 2848 quidem
1642 2748 1784 2819 secundo

686 2852 867 2923 adhibitum
898 2845 981 2929 effe3
1015 2847 1080 2920 stne
1102 2858 1195 2920 omni
1226 2872 1337 2922 autem
1364 2850 1453 2936 cultu
1486 2850 1714 2927 adorationis3
1736 2846 1784 2919 vel

654 3021 659 3032 ,
686 2955 841 3024 honoris:
893 2954 1036 3019 Mariam
1050 2966 1053 2973 ’
1067 2950 1233 3045 deiparam
1254 2951 1297 3022 ad
1320 2950 1420 3022 finem
1457 2968 1565 3047 vsque'
1582 2950 1680 3023 seculi
1702 2950 1784 3020 duo·

640 3065 643 3070 '
685 3055 802 3125 decimi
823 3051 979 3121 creditam
999 3046 1113 3131 fuisse,
1141 3054 1178 3119 in
1203 3056 1328 3146 peccati
1347 3051 1520 3124 insiti-labe
1536 3072 1568 3124 et
1585 3074 1782 3147 conceptam

686 3177 720 3227 et
743 3172 874 3221 natam:
902 3161 1030 3222 vetetes'
1051 3148 1239 3221 christianos
1268 3176 1375 3249 neque
1399 3152 1545 3245 angelice
1574 3177 1683 3247 neque
1700 3177 1785 3222 mar·

686 3277 795 3351 tyrum
815 3250 956 3347 reliquiis
991 3250 1114 3322 cultum
1136 3250 1322 3346 religiosum
1344 3250 1497 3342 detulisse.
1550 3249 1681 3325 Diss'erit
1700 3278 1783 3349 quo·

685 3378 749 3451 que
767 3353 881 3422 audior
903 3353 943 3420 de
966 3374 1101 3447 peccato
1120 3359 1277 3447 originis,
1308 3354 1348 3424 de
1374 3353 1537 3447 baptismo
1555 3352 1725 3426 infantum
1751 3373 1781 3423 et

625 3506 629 3513 -
688 3449 893 3535 adultorum,
923 3451 963 3521 de
982 3451 1234 3524 confirmatione
1261 3454 1464 3549 baptismali,
1492 3455 1532 3525 dc
1562 3454 1651 3525 sacra
1677 3478 1780 3536 eoem,

684 3556 724 3627 de
739 3553 952 3648 figurapanis
970 3549 1180 3652 consecrandi
1194 3576 1225 3624 et
1249 3554 1356 3624 calicis
1375 3608 1386 3637 ,
1426 3556 1465 3626 de
1481 3561 1579 3626 vnico
1604 3556 1713 3626 christi
1733 3552 1779 3624 sa·

615 3655 620 3667 “
682 3653 829 3737 crificio,
867 3654 906 3736 de
945 3678 1019 3723 arca
1052 3652 1323 3747 eleemosynaria,
1349 3655 1388 3727 de
1429 3656 1597 3728 oblatione
1632 3661 1781 3752 corporis

684 3756 792 3827 christi
807 3749 1081 3849 repraesentatiua‚
1101 3754 1140 3825 de
1155 3759 1367 3827 inuocatione
1386 3755 1512 3853 spiritus
1539 3758 1639 3827 sandi
1667 3758 1780 3828 eucha-

687 3858 809 3938 ristica,
836 3856 875 3927 de
896 3854 1112 3925 conuentibus
1138 3855 1407 3941 christianorum,
1433 3858 1474 3928 de
1498 3859 1687 3929 eucharistia
1711 3883 1780 3956 par·

684 3958 862 4051 uuiorum,
888 3956 928 4025 de
952 3954 1097 4052 templis,
1110 3956 1150 4028 de
1166 3955 1296 4030 ecclelia
1319 3982 1357 4029 cx
1374 3980 1483 4030 mente
1497 3962 1683 4056 primorum
1698 3961 1780 4030 chri·

684 4057 926 4131 stianorum.**

746 4182 801 4231 10.
830 4178 1052 4230 neeuoust
1088 4180 1355 4230 rvnnmrau
1386 4162 1494 4230 oratio
1516 4159 1557 4230 de
1582 4167 1684 4231 variis
1702 4165 1780 4231 citri·

673 4258 778 4354 fliium
801 4256 945 4327 doddrinae
960 4257 1063 4351 satis,
1094 4257 1135 4328 de
1153 4263 1249 4328 variis
1275 4259 1359 4330 iliius
1395 4260 1565 4333 aetatibus:
1595 4287 1694 4334 aurea
1725 4260 1779 4333 sub

686 4359 803 4431 christo
843 4378 942 4452 atque
972 4356 1149 4451 apostolis:
1185 4383 1337 4452 argentea
1374 4385 1432 4457 per
1463 4367 1525 4433 tria
1559 4369 1665 4458 prima
1698 4364 1781 4434 chri·

681 4460 782 4531 stiana
798 4457 902 4530 secula
918 4482 1020 4555 usque
1039 4458 1081 4528 ad
1099 4459 1354 4533 Constantinum
1370 4486 1554 4558 magnum:
1578 4465 1655 4536 inde
1673 4491 1778 4537 area:

1710 4589 1781 4639 tum

644 4710 1784 4744 ....---....-..-.........--...........,..,,,,,,,,,

669 4783 768 4858 &ada
783 4781 957 4844 eruditorum
979 4767 1055 4844 uod
1064 4802 1198 4847 cxxxv.
1222 4797 1331 4862 9533,

577 4969 587 4992 Ι
671 4881 706 4924 *⁸¹
727 4875 788 4941 addo
805 4877 944 4942 eruditur.
967 4881 1178 4950 unccxuvl.
1198 4903 1230 4965 p.
1244 4883 1318 4959 681·
1723 4939 1733 4972 r
