4650 5842
608 782 766 877 sicit,
791 788 1011 875 sruc'mrm
1041 777 1572 889 rnrotoerr'uxroe'rrca.
1615 802 1693 883 ‚353

550 902 1691 933 νον-«Μ

637 987 890 1037 sarruourur
925 968 1155 1034 commentarii
1191 969 1227 1034 in
1252 964 1448 1060 ecebfirstm,
1481 971 1694 1058 improprietas

583 1075 722 1140 maiores
739 1092 777 1135 ac
798 1072 950 1142 minores,
976 1064 1094 1159 quibus
1115 1062 1208 1135 inter
1231 1063 1370 1158 reliquas
1394 1070 1463 1138 eius
1477 1067 1692 1162 expofitiones
1719 1116 1722 1121 -

583 1160 733 1264 primunr
759 1169 870 1236 locum
886 1165 1005 1234 'deberi
1019 1212 1033 1251 ,,
1055 1191 1171 1240 omnes
1191 1167 1308 1237 harum
1335 1191 1443 1239 rerum
1462 1172 1556 1266 periti
1585 1167 1693 1240 saren-

584 1293 643 1341 tur
659 1296 668 1337 :
694 1274 796 1364 porro
812 1272 847 1336 in
871 1270 1072 1347 Mattiaeum,
1086 1268 1132 1337 'in
1146 1291 1245 1364 quern
1265 1262 1454 1341 festinanter
1477 1270 1508 1341 se
1522 1292 1693 1357 commen-

589 1375 698 1441 tatum
725 1366 803 1453 esser,
821 1367 886 1463 ipse
913 1392 985 1436 non
1001 1366 1174 1438 diffitetur:
1194 1373 1245 1438 in
1272 1366 1459 1462 epistolasad
1479 1370 1622 1454 Galatas,
1653 1377 1694 1443 ad
1771 1393 1776 1407 ·

590 1473 749 1568 Eplrtfior,
786 1473 827 1537 ad
862 1473 987 1549 Titum,
1014 1472 1055 1537 ad
1088 1470 1301 1544 Philemonem.
1353 1474 1468 1542 Praeter
1493 1495 1695 1544 commenta·

589 1578 659 1643 rios
697 1574 781 1650 hos,
816 1566 1040 1662 Hieronymus
1073 1568 1136 1639 alia
1155 1570 1298 1665 scripit,
1330 1596 1402 1668 quae
1426 1572 1468 1642 ad
1492 1573 1695 1667 theologiam

588 1677 789 1767 exegetieam
809 1666 954 1767 quodam
974 1669 1078 1739 modo
1093 1676 1256 1766 pertinent
1280 1672 1409 1770 hucque
1441 1671 1563 1757 referte
1585 1673 1697 1769 polsu.

589 1798 663 1844 mus
700 1773 819 1842 librum
857 1773 896 1840 de
934 1776 1191 1859 interpretatione
1222 1779 1380 1843 nominum
1414 1769 1632 1845 ebraicomtm:
1655 1776 1696 1849 de

591 1875 665 1944 locis
690 1869 844 1951 ebroicis:
870 1871 933 1941 stue
948 1872 987 1960 de
998 1874 1060 1969 fitu
1082 1870 1309 1963 etrromt‘nibm'
1324 1876 1457 1947 locorum
1483 1871 1706 1947 ebreicorum:-

595 1975 717 2046 librutn
738 1974 927 2072 qrmslimmm
940 1969 1134 2042 ebroicarum
1148 1979 1182 2042 in
1201 1977 1342 2072 gentfin,
1365 1964 1698 2073 quo'versronem'la·

595 2082 700 2146 tinam
728 2100 802 2144 cum
823 2098 908 2143 textu
924 2074 1029 2143 ebraeo
1049 2100 1087 2143 ac
1109 2074 1309 2146 versionibus
1330 2081 1441 2169 graecis
1458 2076 1612 2175 confert,
1631 2101 1699 2149 vna

596 2202 671 2247 cum
694 2181 790 2272 variis
820 2180 886 2244 eius
909 2174 1050 2268 epistolis,
1074 2175 1584 2271 quaecriticae3s1uee'xegeticae
1611 2176 1698 2249 sunt.

598 2275 891 2376 Quemadmodum
928 2279 1013 2345 inter
1048 2301 1170 2369 graecos
1202 2276 1326 2347 ordinis
1355 2276 1435 2350 sacri
1475 2301 1582 2373 patres
1610 2283 1698 2367 *Ori-
1819 2348 1825 2369 ,

597 2403 691 2473 genes
704 2399 714 2460 ;
742 2382 787 2446 ita
804 2382 888 2447 inter
911 2373 1033 2446 latinos
1056 2382 1280 2471 Hieronymus
1304 2379 1455 2475 princeps
1487 2378 1551 2450 suit
1579 2379 1699 2451 diuinte
1786 2414 1801 2437 s

600 2477 759 2574 scripturae
783 2483 950 2570 interpres.
1001 2470 1224 2579 Qumenitn
1243 2477 1432 2574 linguarunl
1453 2478 1582 2574 ebraeae,
1610 2478 1700 2569 chal-J
1745 2509 1770 2523 ··

600 2579 693 2663 daeae,
724 2604 831 2671 graecae
861 2602 898 2645 ac
927 2576 1032 2648 latinae
1062 2583 1185 2673 peritur
1230 2575 1325 2652 esset:
1375 2580 1700 2675 interpretationibus

557 2700 564 2715 ⁸
600 2686 730 2775 grecis,
757 2704 827 2775 quae
847 2681 883 2746 in
910 2702 1035 2749 omos
1049 2704 1072 2747 n
1085 2703 1122 2750 ts
1148 2680 1284 2771 ltexaplt‘r
1305 2701 1418 2764 erant,
1445 2678 1607 2766 uteretur:
1626 2690 1700 2751 eru·¹

602 2781 685 2851 ditos
706 2781 830 2849 iudaeos
851 2777 1050 2850 consuleret:
1076 2804 1272 2874 gracorum.
1288 2781 1534 2877 latinorumque
1563 2780 1704 2877 scripto-¹·
1780 2821 1785 2838 ι

601 2906 671 2952 rum
707 2883 963 2950 commentarios
999 2879 1136 2976 legeret,
1180 2876 1218 2955 iis
1254 2879 1337 2954 sarne‘
1359 2876 1501 2953 substdiis
1529 2882 1700 2952 inlituslus

600 3004 687 3061 erat,
715 3006 786 3076 quae
804 2983 844 3051 ad
864 2981 1010 3051 codicem
1025 2982 1200 3078 diuinum,
1226 2985 1285 3053 rite
1306 2982 1548 3080 explanandum
1560 2980 1578 3066 ‚'
1592 2980 1709 3081 neces.

601 3082 679 3155 saria
694 3083 778 3154 sunt.
831 3081 939 3152 Multa
958 3104 990 3155 et
1009 3081 1080 3154 sunt
1102 3088 1138 3154 in
1160 3082 1283 3180 scriptis
1315 3084 1399 3154 illius
1423 3088 1592 3178 exegeticis
1612 3083 1702 3154 viilia
1746 3146 1749 3150 .

603 3209 640 3256 ac
673 3185 767 3254 laude
795 3184 906 3278 digna.
958 3187 996 3252 ln
1016 3183 1103 3255 sensu
1123 3185 1252 3256 litterali
1269 3184 1494 3279 inuestigaudo
1513 3189 1616 3254 maius
1636 3178 1702 3254 llu-

603 3287 693 3357 diurn
713 3286 911 3371 collotauit.
933 3308 1032 3378 quam
1050 3286 1163 3382 reliqui
1179 3292 1306 3382 generis
1321 3289 1416 3380 huius
1443 3287 1605 3356 dosiores.
1640 3283 1703 3354 Sed

575 3383 578 3391 ’
602 3409 713 3457 tamen
735 3391 840 3455 minus
860 3384 1101 3457 existimandum
1122 3388 1188 3472 est,
1214 3413 1290 3458 eum
1310 3391 1465 3456 virior'um
1488 3382 1634 3457 exstitisse
1648 3410 1703 3455 ex·

600 3513 739 3587 penem.
786 3493 874 3556 Loca
898 3484 1149 3584 nonnumquam¹
1172 3493 1217 3560 ita
1236 3487 1391 3584 explicat,
1420 3506 1456 3556 vt
1483 3486 1570 3556 haud
1597 3485 1704 3556 const-

601 3590 710 3671 deret'‚
738 3586 845 3682 qualis
855 3587 891 3658 stt
914 3589 1072 3658 orationis
1091 3610 1192 3661 nexus
1210 3615 1248 3660 ac
1262 3593 1412 3686 quamuis
1431 3580 1555 3658 sensum
1569 3585 1704 3681 scriptu-

569 3688 572 3693 ’
599 3685 839 3764 resistentem
872 3688 1048 3783 diligenter·
1071 3700 1186 3770 'eruat3
1217 3691 1405 3782 mysticum·
1423 3696 1535 3759 tamen
1568 3702 1704 3783 quoque

570 3822 573 3827 ·
600 3789 801 3863 conseslatur
823 3813 920 3886 arque
943 3791 1004 3860 hac
1024 3798 1059 3860 in
1075 3804 1119 3864 're
1143 3793 1310 3863 interdum·
1337 3794 1472 3884 ingenio
1511 3787 1569 3857 suo
1603 3791 1704 3882 nimis

598 3896 762 3987 indulget.
795 3888 935 3962 'Vitium
963 3912 1072 3962 tamen
1097 3894 1163 3964 hoc
1189 3914 1261 3966 erat
1287 3916 1357 3974 non
1381 3902 1449 3959 'tam
1470 3886 1565 3982 ipsrus
1581 3892 1706 3971 Hiero·

589 4000 716 4093 ·nymi;
737 4016 830 4089 quam
852 3991 967 4077 seculi,
986 4016 1054 4087 quo
1077 3999 1165 4071 vixit.
1221 4000 1257 4064 ln
1280 3990 1421 4061 aliorum
1438 3989 1602 4059 sententiis
1622 4008 1706 4058 con·

592 4095 745 4171 ‘serendis
766 4115 857 4186 arms
874 4092 1076 4163 ostendendis
1092 4094 1278 4181 nontalem.
1295 4092 1399 4188 qualis
1412 4082 1472 4161 esse
1489 4090 1596 4178 debet,
1611 4088 1707 4158 indu·

598 4198 710 4272 striam
732 4192 884 4266 monllrat
898 4202 1054 4293 variaque
1072 4193 1178 4289 scribit
1192 4194 1400 4280 festinanter,
1421 4213 1457 4265 vt
1471 4191 1616 4268 videtum
1633 4208 1706 4259 non

596 4299 673 4374 setis
693 4302 847 4391 cogitate.
1018 4289 1024 4302 '
1657 4338 1661 4347 ·

669 4489 802 4540 stauos
836 4485 1003 4534 avertit
1034 4476 1282 4557 etssroo'our
1315 4461 1389 4534 libri
1416 4459 1484 4531 duo
1517 4455 1559 4528 de
1588 4453 1706 4549 militu-

598 4577 685 4640 tiom
703 4572 880 4638 diuinarum
893 4566 1088 4647 litterarum,
1113 4566 1227 4662 quibus
1247 4564 1346 4637 veluti
1364 4563 1521 4656 isagogen
1543 4558 1585 4631 ad
1606 4558 1710 4645 'theog

595 4671 725 4765 logiam
753 4670 945 4761 exegetitam
975 4666 1104 4737 exhibet
1128 4692 1165 4747 ac
1194 4672 1357 4755 notitiam,
1376 4686 1525 4753 veterum
1549 4664 1707 4753 interpre-

603 4768 894 4871 tumusuppeditat:
914 4773 1129 4845 coementarii
1143 4774 1178 4847 in
1190 4765 1334 4873 psalmos?
1346 4832 1350 4841 .
1363 4790 1403 4843 ex
1422 4761 1613 4937 Augustinp
1634 4755 1706 4874 sere

793 4892 915 4939 ·.’.
1144 4873 1175 4944 Z
1367 4878 1709 4945 ‚vvurtum
