4650 5842
606 799 818 866 vanna,
846 798 1080 858 stactam
1110 801 1371 862 ratotoota
1412 804 1645 866 turturea.
1699 814 1779 890 419

605 969 693 1035 :eri
714 959 1057 1057 namatium,
1076 977 1207 1050 aperte,
1237 981 1276 1031 ot
1296 959 1469 1057 dtis-cm
1489 989 1639 1063 inques,
1657 986 1768 1038 ornari

636 1072 846 1137 ueremini·
872 1071 908 1133 in
936 1062 1394 1161 ebqtenda;asacr'liort‘rt
1420 1067 1624 1155 explr'crrado3
1651 1093 1765 1159 mpo-

638 1173 764 1237 enarer
781 1172 818 1235 in
838 1163 1046 1260 persuadendo
1056 1164 1179 1257 sterit.
1210 1159 1294 1234 ‘Hic
1309 1183 1416 1233 tante
1441 1168 1563 1256 placere
1586 1170 1673 1238 viru
1692 1194 1762 1241 ocra

644 1261 688 1337 de
703 1264 937 1364 fitcrrrttentm
960 1259 1178 1363 &mutibus
1204 1289 1267 1338 non
1308 1265 1425 1359 potest,
1450 1275 1598 1366 quonian
1638 1270 1764 1365 ,wita

587 1365 734 1539 -szt,
755 1364 1157 1468 prehpaemtsrssettd
1181 1370 1220 1436 id
1246 1367 1449 1458 preparata,
1473 1386 1512 1439 tt
1542 1366 1765 1468 asohtsutlt.

722 1473 921 1538 adimat:

582 1611 590 1624 ·
708 1593 892 1641 aeuottt
925 1566 1001 1638 libri
1028 1563 1273 1665 vlt-aduersati
1301 1588 1432 1667 gentes,
1465 1595 1551 1667 quoe
1587 1569 1761 1666 scribendi,

582 1695 613 1734 τ
639 1668 703 1767 ipfi
727 1668 858 1739 occasio
879 1669 993 1740 oblata
1013 1667 1090 1740 furit.
1140 1676 1259 1770 Quum
1284 1670 1379 1743 saetis
1407 1677 1545 1767 paganis
1579 1671 1760 1756 valedicere

641 1795 685 1840 ac
722 1771 876 1841 christum
916 1768 1087 1865 profiteri,
1116 1769 1227 1843 secum
1262 1770 1493 1855 conffimiffet,
1530 1771 1572 1842 ab
1602 1771 1758 1870 episcopo

592 1899 597 1906 ·
644 1869 738 1941 haud
760 1877 934 1966 impetrare
955 1876 1082 1965 pomit,
1106 1878 1247 1967 rtptius
1263 1873 1416 1966 mysterio
1433 1869 1634 1948 sacrifontis
1652 1879 1687 1944 in
1710 1879 1759 1946 ci.

640 1975 782 2043 nitatem
801 1973 1008 2042 christianam
1025 1975 1243 2064 reciperetur,
1268 1998 1368 2069 quam
1391 1979 1636 2046 monimentum
1663 1981 1759 2071 inge·

580 2135 583 2140 .
646 2075 701 2143 nii·
712 2077 748 2141 in
763 2072 932 2168 pubiicum
955 2069 1154 2166 produxisset
1168 2097 1276 2168 eoque
1296 2076 1425 2144 testatus
1449 2071 1542 2159 esset,
1567 2074 1758 2148 sechtistia·

640 2196 724 2242 mam
740 2175 935 2267 religionem
956 2196 1034 2242 vere
1050 2173 1204 2268 ampleffi
1218 2173 1319 2257 velie,
1343 2180 1506 2270 quoniam
1533 2200 1628 2246 antea
1638 2201 1757 2249 contra

609 2265 614 2274 ’
636 2273 735 2345 istam
750 2272 876 2368 semper
884 2296 1102 2369 pugnauetat.
1149 2280 1201 2344 Ita
1227 2274 1382 2368 impulsus
1393 2329 1404 2364 ,
1421 2276 1526 2344 didos
1545 2275 1648 2348 libros
1661 2273 1774 2364 com-¹

641 2372 764 2472 posuit.
814 2378 869 2446 De
888 2395 1037 2469 tempore
1055 2372 1153 2468 ipfiue
1179 2373 1363 2471 scriptionis
1388 2378 1546 2447 austures.
1562 2377 1757 2475 discrepant.

640 2474 744 2545 Libro
767 2480 903 2572 primo,
925 2473 1095 2557 secundo,
1116 2474 1205 2547 sexto
1241 2502 1280 2547 ac
1307 2475 1446 2574 septimo
1481 2475 1627 2548 defenso
1667 2480 1755 2552 chri·

638 2574 823 2646 stianorum
836 2577 1035 2670 dogmatum
1064 2582 1283 2655 continemrt
1304 2578 1437 2674 reliquis
1462 2599 1573 2650 autem
1595 2577 1757 2656 refutatio

640 2677 749 2747 cultus
765 2677 1033 2751 fimuiactomm..
1103 2683 1189 2747 Non
1208 2683 1294 2748 viriis
1326 2703 1436 2749 carere
1461 2702 1546 2773 opus
1568 2680 1653 2765 hoe,
1677 2679 1753 2754 satir
1823 2705 1832 2716 ·

641 2777 821 2849 estnotum
849 2802 888 2848 ac
907 2777 999 2872 supra
1033 2771 1172 2848 omnem
1197 2778 1439 2851 dubitationem
1455 2778 1607 2874 positum.
1659 2786 1756 2877 Dog-

639 2899 731 2949 mata
751 2878 901 2973 quedam
926 2880 1025 2948 tradit
1041 2884 1150 2947 minus
1174 2881 1283 2949 rediet.
1299 2878 1438 2950 abstinet
1460 2878 1490 2949 se
1516 2878 1621 2956 ferme
1644 2882 1750 2954 satcto·

639 3003 716 3049 rum
747 2978 941 3074 scriptorum
969 2981 1190 3051 testimoniis:
1219 3004 1434 3074 argumenta,
1457 2981 1576 3075 quibus
1608 2983 1754 3079 adpro·

637 3078 787 3150 bandum
819 3085 942 3162 vritur,
966 3104 1038 3150 non
1058 3081 1184 3177 semper
1210 3079 1416 3162 suntfitma;
1451 3105 1512 3150 nec
1543 3082 1754 3178 dicendige-

635 3204 701 3249 nus
728 3181 850 3250 castum
877 3188 973 3277 piane
1003 3181 1052 3252 est
1070 3202 1170 3276 atque
1193 3181 1337 3275 elegans.
1412 3182 1475 3252 Sed
1504 3180 1560 3252 vbi
1585 3189 1752 3260 tationem

636 3287 817 3374 temporis,
839 3306 908 3376 quo
927 3287 1008 3351 vixit
1042 3302 1075 3351 et
1100 3281 1203 3352 libros
1236 3284 1298 3352 hos
1332 3278 1535 3378 composuit,
1569 3285 1751 3379 ¹eupeodere

638 3382 794 3463 velimus,
811 3379 907 3453 facile
927 3383 1156 3477 inteiligemus,
1177 3408 1253 3453 eum
1268 3407 1340 3454 non
1357 3384 1677 3478 reprehendendumt
1688 3384 1751 3457 sed

592 3521 596 3528 ·
635 3478 875 3554 excusandum:
912 3489 1019 3554 immo
1052 3483 1098 3553 ob
1128 3484 1481 3581 eloquentiam-atque
1517 3486 1749 3571 eruditionem,

634 3587 673 3653 in
696 3607 796 3677 opere
811 3586 875 3653 hoc
899 3583 973 3655 satie
999 3584 1230 3678 conspicuam,
1250 3585 1455 3656 laudandum
1481 3581 1553 3655 ess'e.
1610 3586 1750 3660 Exciustt

631 3689 727 3755 enim
755 3685 843 3756 hunc
863 3690 985 3779 ingenii
1014 3683 1142 3769 fetum,
1171 3710 1276 3782 quum
1297 3685 1351 3756 vix
1374 3689 1411 3756 in
1434 3684 1749 3768 catechumenorum

634 3785 791 3874 ordinem
812 3783 989 3882 adscriptus
1017 3783 1110 3857 esset:

705 3908 939 3956 tacrtnrtt
960 3887 1384 3981 itstitutiorrumdr'rtinarum
1404 3884 1479 3956 libii
1507 3884 1640 3983 septem,
1660 3911 1749 3982 quo·

633 4007 712 4058 enm
728 3991 838 4081 primo
863 3988 904 4056 de
928 3983 1005 4056 fassa
1023 3990 1182 4082 reiigione
1202 4010 1318 4055 contra
1345 4010 1480 4078 gentes,
1506 3993 1572 4058 veti
1601 3992 1747 4060 numinis

631 4092 786 4181 ignarae,
801 4113 903 4157 vnum
923 4085 984 4159 effe
997 4088 1094 4159 deum
1115 4112 1257 4183 eumque
1272 4087 1427 4156 omnibus
1447 4087 1541 4159 rebus
1560 4088 1746 4180 prouidere,

632 4186 776 4285 probat:
803 4188 944 4258 secundo
961 4190 1001 4260 de
1021 4195 1150 4284 origine
1171 4193 1290 4258 errotis
1312 4211 1484 4282 oppugnat
1502 4188 1743 4258 idololatriam:

634 4294 737 4360 tertio
767 4288 808 4357 de
841 4286 919 4358 falsa
943 4289 1098 4384 sapientia
1128 4289 1369 4383 philosophiam
1391 4293 1538 4381 gentium
1560 4290 1743 4382 redarguit:

583 4462 585 4466 ,
634 4411 757 4485 quarto
779 4390 908 4459 devera
939 4391 1093 4485 sapientia
1113 4390 1299 4461 doditinam
1317 4388 1521 4460 christianam
1542 4410 1678 4484 exponit
1698 4412 1742 4458 'ac

626 4488 834 4559 confirmat:
861 4495 979 4585 quinto
997 4498 1066 4585 agit
1085 4492 1125 4562 de
1138 4490 1256 4563 iustitia
1274 4489 1450 4560 secundum
1465 4489 1571 4583 legem
1591 4490 1741 4560 diuinam
1822 4497 1825 4504 '

632 4614 673 4659 ac
692 4588 841 4683 profana
862 4596 967 4685 gentis
982 4594 1160 4664 iniustitia:
1178 4589 1266 4661 sexto
1276 4589 1316 4661 de
1329 4614 1410 4660 vero
1419 4590 1470 4661 dei
1492 4590 1581 4668 cultu
1598 4614 1636 4660 ac
1645 4587 1743 4684 septi·

629 4713 692 4761 mo
713 4690 755 4760 de
781 4696 845 4760 vita
873 4691 966 4760 beata
991 4715 1024 4761 et
1047 4698 1238 4763 animorum
1268 4691 1525 4768 immortalitate.
1585 4693 1685 4786 'Quae
1705 4691 1741 4759 in
1810 4767 1822 4792 χ

626 4790 720 4862 libris
737 4791 799 4861 his.
812 4791 1042 4889 instituionum
1061 4793 1194 4867 vberius
1223 4793 1343 4868 tradita
1362 4790 1459 4877 sunt,
1485 4814 1524 4862 ea
1548 4793 1586 4859 in
1614 4796 1743 4960 epitaptt

1186 4891 1309 4969 Dd2
1668 4889 1784 5003 ³⁹1
