4650 5842
588 707 754 832 sace'a,
778 713 1290 832 reseruasserneoeom'a
1322 725 1604 828 erasmiana,
1632 733 1702 809 361
1791 765 1794 772 .

546 841 1698 874 *ιι-ΜΨ..

546 916 698 998 propter
720 888 910 966 veritatem
925 887 1060 987 pariter
1077 910 1119 962 ac
1144 910 1311 973 amorem.
1327 886 1436 966 decet
1458 884 1551 985 ntis,
1575 887 1705 966 metita

546 1016 695 1098 patrum
718 992 761 1067 in
780 991 892 1065 rebus
916 986 1117 1089 exegeticis
1131 985 1283 1066 laudare
1305 1013 1347 1066 ac
1368 987 1493 1064 miuus
1509 985 1703 1088 ¹probantia
1781 1033 1784 1038 ·

546 1090 838 1200 propter-varias
858 1088 994 1166 caussas
1017 1085 1202 1168 excusare.
1554 1127 1558 1136 ·

644 1218 749 1296 vinter
766 1230 907 1304 patrum
930 1211 1008 1278 viria
1036 1208 1199 1302 exegetica
1225 1209 1367 1300 primum
1402 1203 1631 1279 locumtenct
1653 1208 1703 1296 ni·
1731 1259 1734 1266 .

568 1316 708 1400 ,mium
734 1309 884 1380 'studium
919 1310 1196 1404 interpretationis
1230 1304 1392 1400 ntyliic23
1424 1304 1591 1398 speciatitn‘
1626 1306 1705 1376 alle-

599 1418 744 1510 goricae,
771 1414 862 1479 cuius
887 1408 987 1479 multa
1019 1397 1166 1502 exempla
1193 1403 1239 1476 illi
1269 1403 1365 1478 nobis
1387 1407 1557 1501 praebent,
1594 1410 1704 1478 nomi·

601 1520 731 1585 natim:
769 1533 1110 1581 rusornruvs
1135 1511 1359 1590 Antiochenses,
1384 1530 1610 1595 arcanius,
1636 1531 1701 1584 cr.
1740 1507 1745 1528 '

604 1607 757 1688 arrivs
783 1611 1027 1692 Alexandriam,
1051 1612 1200 1705 inprimis
1237 1631 1483 1691 ontusnrs,
1510 1614 1566 1705 qui
1597 1611 1703 1683 diu'er-
1751 1672 1754 1684 .

605 1714 659 1788 sos
679 1712 813 1808 quidem
839 1712 958 1781 modos
984 1711 1171 1804 scripturam
1191 1707 1313 1780 sacram
1334 1708 1515 1803 explicandi
1537 1712 1704 1801 adhibuit;

601 1819 746 1887 maxime
770 1831 881 1882 tamen
899 1811 1108 1906 allegoricam
1137 1812 1299 1880 rationem
1321 1808 1455 1881 seslatus
1480 1809 1524 1882 est
1550 1835 1648 1911 atque
1666 1840 1705 1887 ex

582 1940 641 1994 ,ea
661 1919 745 2008 cepit
759 1912 974 2007 voluptatem.
1024 1915 1059 1979 lii
1078 1910 1162 1993 alii,x
1176 1934 1291 2006 proter
1314 1915 1381 1992 iarn
1405 1909 1627 1999 memoratos,
1647 1917 1705 1985 atl-

605 2017 683 2087 disii
706 2012 842 2083 fuerunt
862 2033 960 2108 atque
975 2016 1010 2080 in
1036 2010 1096 2080 illis
1119 2036 1253 2106 quoque
1278 2011 1387 2093 libris,
1409 2012 1526 2107 quibus
1549 2039 1587 2085 cx
1614 2017 1705 2088 insti.
1738 2029 1740 2033 ·

602 2138 678 2187 tuto
704 2137 773 2190 non
794 2117 979 2208 exegetica;
1006 2103 1059 2196 sed
1087 2110 1282 2206 dogmatica
1296 2137 1342 2182 ac¹
1362 2111 1524 2207 polemica
1551 2141 1705 2202 enarrant

603 2242 645 2289 ae
665 2238 770 2312 quum
783 2210 862 2308 sepe
884 2213 923 2282 ad
941 2212 1131 2307 scripturam
1147 2210 1269 2282 sacratu
1287 2234 1489 2307 prouocant‚
1516 2239 1588 2287 earn
1599 2220 1704 2291 inodo

606 2318 786 2410 allegorico
822 2318 1087 2408 interpretantur.
1122 2312 1314 2408 Exempla,
1348 2338 1418 2419 quae
1450 2315 1515 2385 hoc
1550 2319 1704 2411 probant,

609 2437 844 2498 trituravi,
872 2419 1224 2499 rsnrvsittluvs,
1251 2418 1707 2511 cremensAlcxarulrimrr,

609 2540 846 2590 crrnrarrvs
879 2536 977 2611 atque
1002 2515 1054 2584 alii
1079 2513 1250 2593 exhibent·
1298 2515 1447 2585 Studium
1476 2540 1586 2589 tamen
1605 2526 1708 2595 inter·
1733 2521 1735 2526 ’

607 2620 803 2719 pretationis
828 2614 1008 2708 allegorica
1041 2636 1170 2684 tantum
1202 2612 1295 2686 fuisse
1330 2618 1416 2712 apud
1438 2621 1638 2711 patreshos,
1673 2648 1708 2697 vt

609 2720 659 2792 illi
682 2716 805 2788 sensum
827 2715 998 2786 litteralem
1023 2715 1119 2808 plane
1147 2716 1366 2810 negligerent,
1396 2723 1502 2786 minus
1527 2723 1709 2798 existiman·

610 2822 693 2892 dum
716 2817 957 2911 dicendumque
981 2816 1034 2887 est.
1082 2814 1437 2886 exstiterunoomnino
1455 2823 1540 2890 inte'r
1556 2847 1630 2906 eost
1650 2829 1709 2920 qui
1728 2822 1730 2830 ’

605 2918 957 3014 indagarent,qualem
982 2915 1174 2987 sententiam
1191 2914 1299 2987 'verb'a
1323 2941 1381 3013 per
1403 2922 1583 2993 naturalem
1611 2924 1710 3017 figni.
1737 2921 1741 2936 '

604 3019 729 3095 firandi
749 3024 815 3089 vim
830 3018 919 3089 suam
948 3017 1104 3113 prodant,
1133 3017 1167 3086 id
1188 3017 1279 3115 quoti
1301 3043 1582 3093 urs-nourravs
1601 3050 1709 3098 exem·

608 3123 668 3222 plo
699 3119 757 3192 suo
788 3119 986 3213 confirmat,
1009 3142 1074 3187 vna
1101 3142 1178 3190 cuna
1202 3143 1466 3207 avovsrruo,
1490 3123 1635 3197 eiusdem
1663 3134 1731 3218 rei¹

604 3224 705 3299 teste„
1170 3243 1173 3266 ¹

669 3330 743 3392 Nec
771 3321 866 3418 plane
895 3318 1113 3416 adprobanda
1140 3317 1214 3390 sunt
1241 3316 1467 3413 digreffiones‚
1492 3350 1572 3421 quas
1604 3351 1734 3424 patres.

560 3459 562 3464 ·
609 3449 684 3496 non
701 3448 775 3494 raro
798 3421 946 3492 fecerunt
963 3443 1060 3516 atque
1078 3446 1097 3489 a
1113 3420 1201 3490 disto
1216 3416 1327 3503 sacro,
1352 3425 1387 3491 in
1412 3450 1480 3520 quo
1493 3421 1709 3521 interpretati.

614 3526 661 3595 do
695 3523 880 3605 versantur,
913 3522 1120 3592 occasionem
1159 3517 1351 3612 sumserunt,
1384 3524 1507 3621 dogma
1545 3529 1711 3623 religionis

613 3625 731 3698 nosttae
760 3623 973 3720 explanandi;
998 3622 1049 3694 vel
1074 3620 1332 3693 aduersariorum
1357 3645 1481 3697 errores
1504 3628 1711 3704 confutandi.

555 3806 559 3813 ¹
606 3730 772 3825 Qramuis
802 3730 890 3795 enim
918 3723 959 3793 ab
987 3727 1026 3793 iis
1058 3723 1161 3793 multa
1182 3723 1333 3818 praeclare
1358 3746 1456 3822 atque
1486 3728 1605 3800 utiliter
1626 3733 1712 3804 disla
1748 3730 1750 3732 ’

609 3828 693 3905 srntt
725 3828 843 3897 iustum
860 3847 969 3895 tamen
990 3825 1130 3896 modum
1153 3822 1320 3894 interdum
1355 3828 1524 3922 negligunt
1553 3851 1651 3925 atque
1676 3839 1713 3906 in

614 3928 861 4023 digressionibus
880 3924 1047 4019 longiores
1068 3924 1161 4001 sunta
1189 3948 1290 4019 quarn
1303 3928 1339 3995 in
1367 3953 1402 3997 re
1435 3928 1502 4022 ipsa
1525 3934 1714 4029 principalit

605 4028 674 4103 fine
688 4029 889 4123 expositione
905 4028 980 4097 dieii
992 4037 1010 4108 ,’
1026 4051 1116 4096 nunc
1134 4024 1342 4096 instituenda.
1430 4029 1572 4126 Qualem
1595 4032 1715 4130 fignifi-

612 4130 711 4200 candi
738 4134 805 4198 vim
833 4153 931 4199 voces
973 4126 1134 4208 habeant,
1172 4124 1236 4197 stuc
1263 4123 1419 4223 simplices
1446 4130 1507 4224 illae
1533 4132 1615 4217 stnc;
1649 4136 1714 4207 siue

618 4232 802 4301 coniunsiae
832 4254 908 4300 cum
942 4228 1029 4311 aliis,
1060 4251 1132 4298 non
1152 4226 1324 4319 diligenter
1348 4230 1544 4324 indagarunt
1583 4236 1715 4332 hocque

614 4357 688 4402 non
716 4332 807 4416 aliter
841 4329 912 4400 lieri
942 4333 1062 4424 potuit.
1137 4332 1246 4397 Patres
1267 4333 1379 4415 enim,
1406 4330 1428 4399 fi
1463 4337 1641 4427 Origenetn
1676 4363 1715 4408 ac

614 4438 862 4525 Hieronymum
907 4434 1125 4525 excipiamus,
1157 4428 1343 4523 linguarum
1372 4432 1459 4502 haud
1488 4431 1583 4528 periti
1612 4461 1715 4521 crant,

615 4538 650 4604 id
672 4534 763 4629 quod
792 4554 887 4601 antea
915 4530 1043 4601 vberius
1075 4526 1232 4602 edisserui.
1295 4536 1420 4600 Omnia
1440 4534 1531 4617 hac,
1554 4562 1625 4629 quar
1648 4542 1717 4609 iure

613 4640 651 4704 in
681 4657 811 4730 patrum
840 4631 1006 4725 theologia
1035 4635 1198 4725 exegetica
1227 4633 1417 4725 reprehendi
1441 4629 1529 4729 posse
1553 4638 1718 4732 vitientur,

618 4760 690 4808 non
710 4735 915 4834 impediunt,
933 4737 1112 4832 quominus
1129 4757 1187 4803 eos
1205 4731 1374 4806 laudemus
1393 4756 1455 4820 ac,
1475 4740 1610 4834 quando
1631 4742 1720 4811 haud

1135 4835 1163 4906 Z
1190 4855 1210 4929 5
1635 4843 1720 4916 teile
