4650 5842
581 764 789 835 lmm.
805 760 1024 825 controv.
1042 760 1249 821 conver.
1276 758 1328 815 dc
1350 742 1619 813 neretum&
1641 738 1717 811 207

566 1044 570 1127 ι
609 1032 687 1105 lom
704 1048 935 1127 argumentum
952 1051 992 1101 ex
1012 1022 1235 1120 chrysostomi
1251 1024 1419 1095 mentione
1433 1042 1549 1097 contra
1561 1024 1716 1123 scriptum

566 1130 569 1223 l
612 1130 682 1207 hoc
702 1130 787 1203 sumi
802 1126 924 1227 potest:
1392 1216 1395 1225 Ι
1564 1218 1567 1225 Ι

566 1260 583 1321 '.
622 1274 625 1283 ·
671 1234 777 1323 XVI.)
810 1250 1019 1303 otteottt
1054 1229 1249 1298 Nazianzeni.
1272 1224 1485 1322 metaplrrefirr
1518 1224 1583 1299 liue
1609 1244 1716 1299 trent-

610 1330 693 1407 latio
723 1337 760 1403 in
777 1328 967 1429 ecclefitjlen,
993 1352 1063 1424 quae
1083 1330 1332 1397 interorrtiones
1352 1329 1421 1396 eius
1443 1326 1488 1397 est
1511 1330 1716 1424 quinquage.

612 1434 699 1509 {ima
723 1434 816 1503 tertia
841 1451 873 1501 et
892 1432 1060 1501 auilorem
1081 1425 1181 1503 habet
1201 1429 1399 1521 Gregorium
1427 1428 1716 1525 thaumaturgum

611 1553 738 1637 prater
758 1536 897 1623 metrpir
970 1546 1100 1613 autem,
1125 1526 1405 1624 cltn‘Jlurpatienr,
1422 1531 1611 1627 tragedia,·
1637 1554 1716 1602 uam

612 1634 660 1709 ab
690 1632 878 1731 Apollinari
918 1633 1031 1706 eniore
1056 1626 1209 1727 scriptam
1240 1622 1324 1713 elle,
1365 1626 1484 1701 eruditi
1515 1632 1578 1702 viri
1613 1556 1718 1731 luepi.

724 1758 761 1805 r:

613 1756 798 1924 mlluvll.)
826 1854 881 1904 to.
909 1853 1209 1903 eunrtosrorrt
1237 1828 1353 1926 scripta
1374 1824 1476 1908 falsor
1501 1826 1566 1901 fiue
1593 1826 1719 1902 adulte-

613 1934 689 2011 rina
717 1959 788 2031 quae
805 1931 860 2003 illa
889 1930 975 2016 fint,
1002 1928 1172 2002 doetiffimi
1199 1933 1260 2003 viti
1284 1954 1357 2001 non
1380 1928 1478 2026 plane
1510 1924 1717 2003 consentiunt

613 2060 656 2111 ac
674 2060 749 2135 quae
772 2032 828 2104 alii
845 2035 1047 2104 monimenta
1063 2054 1219 2127 germana
1246 2026 1307 2103 elle
1334 2032 1570 2127 pronuntianta
1605 2053 1642 2101 ea
1662 2032 1718 2105 alii

612 2136 834 2213 monimentis
855 2128 940 2202 falsis
965 2131 1204 2211 adnumerant3
1234 2150 1292 2202 aut
1308 2154 1379 2203 rem
1403 2129 1539 2201 dubiam
1560 2126 1644 2213 elle,
1665 2135 1718 2203 iu·

610 2238 738 2313 dicant
789 2232 977 2305 Videbimus
992 2232 1045 2315 id,
1069 2232 1126 2303 vbi
1147 2230 1290 2304 diuersos
1308 2231 1478 2327 rudiores,
1491 2234 1548 2326 qui
1563 2230 1604 2303 de
1618 2229 1717 2331 scrip.

612 2342 656 2411 tir
675 2338 730 2409 ltie
759 2331 997 2431 exposuerunt,
1020 2331 1108 2405 adite
1126 2356 1160 2406 et
1181 2329 1321 2406 diuersae
1341 2354 1459 2405 eorum
1480 2332 1641 2405 editiones
1662 2338 1717 2407 in·

615 2460 669 2515 tet
694 2434 729 2511 se
749 2430 900 2509 conferre
918 2432 1067 2507 uelimus.

1026 2572 1097 2674 n
1147 2572 1235 2652 vtt.

633 2700 812 2779 Fuerunt
835 2712 1011 2805 quoque,
1037 2689 1104 2791 qui
1125 2690 1268 2777 ¹latinis
1308 2690 1464 2781 ecclefite¹
1486 2690 1653 2795 patribus
1673 2718 1716 2773 ac

567 2794 805 2899 sttiptotibus
837 2810 1066 2870 monimenta
1111 2790 1208 2869 varii
1253 2792 1403 2894 generis
1455 2792 1718 2895 supponerent.

568 2898 725 2983 constat
752 2892 793 2979 id
822 2891 1223 2993 deterrentium,
1251 2916 1490 2986 crartano,
1520 2918 1720 3002 ttttanro,

571 3020 816 3087 ernnusto,
848 3018 1136 3083 nunnortttto,
1176 3016 1432 3077 avovsrtno
1490 3020 1720 3101 raventun,

571 3122 874 3211 runeringua,
895 3118 1180 3176 cassionorto.
1226 3094 1368 3199 Scripta
1388 3057 1484 3200 ipl'a,
1502 3096 1717 3179 dodtoribus

570 3200 625 3279 ltir
644 3195 920 3303 antiquioribus
938 3196 1026 3273 falso
1060 3195 1253 3287 attributa,
1274 3194 1380 3277 itunc
1409 3198 1538 3283 eadem
1562 3201 1717 3291 ratione.

596 3328 643 3383 ua
657 3320 768 3381 antea
782 3298 910 3377 fimilia
926 3300 1139 3377 Grecontm
1153 3298 1382 3377 monimenta
1396 3300 1579 3401 enarrem,
1589 3326 1717 3381 recen·

622 3462 661 3582 s,
680 3398 775 3579 milpp
787 3399 933 3499 animus
948 3399 1011 3479 est.
1057 3398 1303 3479 Memoranda
1318 3404 1403 3480 loco
1423 3398 1495 3480 hoc
1510 3401 1594 3482 sunt
1605 3402 1716 3507 scrip·

574 3520 606 3585 ta
637 3528 742 3607 uppo
770 3522 825 3581 ta:

680 3626 725 3717 l.)
755 3644 1042 3699 rtrrvtnraut
1069 3624 1196 3699 libellus
1214 3626 1254 3700 de
1269 3623 1442 3729 heresibut,
1467 3634 1524 3727 qui
1543 3653 1716 3715 commen·

620 3730 740 3801 tationi
757 3724 798 3799 de
811 3723 1036 3822 prescriptione
1058 3723 1201 3823 adurrfitt
1219 3731 1394 3814 hereticos,
1427 3724 1527 3803 veluti
1554 3732 1717 3829 adpendit

623 3830 765 3923 aeapite
782 3844 867 3902 xiv.
889 3828 1051 3923 usquead
1072 3826 1173 3900 finem
1194 3827 1327 3925 adiungi
1348 3828 1444 3903 solet:
1466 3844 1627 3922 pomata,
1642 3858 1716 3929 quae

628 3948 1010 4001 neomeniarum
1043 3927 1244 4000 Tertulliano
1271 3932 1401 4017 tribuit,
1421 3932 1534 4030 genesss
1558 3936 1716 4007 nimirum

622 4050 655 4100 et
679 4030 832 4101 Sodoma:
866 4050 991 4099 carmen
1018 4032 1060 4101 ad
1081 4026 1280 4126 senatorem:
1310 4027 1384 4114 libri
1416 4037 1551 4135 quinque
1572 4032 1715 4133 aduersus

620 4130 814 4205 Marciam
838 4146 870 4197 et
887 4125 970 4199 libet
987 4128 1028 4201 de
1045 4134 1159 4201 iudicio
1172 4134 1311 4219 dotnitti:
1328 4133 1370 4182 *⁴¹
1409 4173 1415 4183 ,
1480 4208 1481 4213 ,

679 4226 738 4323 ll)
766 4249 983 4299 curritur.
997 4228 1038 4302 de
1063 4227 1171 4329 pascha
1194 4252 1377 4325 computare·
1393 4232 1475 4306 liber
1501 4234 1542 4309 de
1560 4232 1715 4334 spretaru-

622 4328 682 4405 le.-
705 4328 748 4402 de
769 4322 923 4425 disciplina
949 4346 982 4399 et
1005 4326 1081 4401 bono
1105 4336 1285 4425 pudicitia:
1314 4336 1355 4409 de
1378 4334 1467 4407 laude
1498 4346 1647 4437 marprii
1672 4342 1715 4409 od

619 4425 742 4529 Moysm
754 4444 798 4505 rt·
809 4432 1008 4503 Maximam:
1034 4432 1076 4507 de
1091 4429 1297 4508 cardinalibus
1310 4436 1412 4535 claustr·
1420 4464 1435 4511 .·
1450 4438 1491 4509 de
1507 4436 1713 4513 timoribus.-

1671 4544 1715 4615 de

598 4790 827 4935 pallitta
847 4813 1025 4951 Μαντὼ.
1039 4866 1073 4934 tle
1089 4872 1150 4934 vire
1164 4885 1192 4933 rt
1204 4871 1314 4958 seriptis
1333 4872 1495 4947 Tetradimi
1504 4894 1606 4963 rma·
1619 4884 1710 4963 otu
1774 4964 1776 4969 .
