4650 5842
574 858 583 883 ,
628 776 861 890 318'cervr
883 776 962 868 'vm
980 768 1041 866 or
1058 811 1230 869 rnrrvu
1255 808 1478 871 rcrrssrnn
1494 804 1782 882 revornrouu

633 964 639 971 ’
677 975 805 1062 tyrum,
831 960 963 1032 auiiore
993 982 1227 1053 arenauno,
1259 959 1412 1058 episcopo
1445 962 1673 1054 Lugdunensis
1696 965 1782 1067 peffln

668 1061 773 1164 senili
809 1062 958 1131 Theodori
989 1064 1147 1155 Anmrnnt'
1183 1079 1217 1133 et
1241 1058 1358 1159 siprrtir
1401 1068 1560 1161 virginum
1594 1086 1781 1163 martyrum.

643 1186 646 1193 ·
679 1165 745 1240 Alii
762 1167 902 1232 earurina
916 1160 1173 1257 conscripserunt
1201 1186 1239 1232 ac
1264 1184 1449 1254 martyrum
1468 1171 1636 1236 memoriae
1666 1171 1779 1241 conse-

551 1336 553 1345 ,
684 1285 837 1345 crarunt,
863 1267 898 1331 in
917 1260 1034 1360 quibus
1052 1267 1201 1359 princeps
1220 1262 1264 1333 est
1290 1252 1486 1334 Prudentius.
1557 1270 1688 1363 Hymni
1711 1277 1775 1342 eius

637 1362 642 1371 ’
680 1369 721 1438 de'
751 1367 848 1436 variis
876 1362 1071 1457 martyribus
1106 1386 1288 1460 eorumque
1320 1365 1516 1436 cruciatibus
1550 1368 1592 1436 ad
1630 1393 1694 1439 nos
1724 1373 1772 1442 de·

678 1468 738 1539 lati
773 1462 866 1546 sunt,
903 1463 943 1534 de
973 1468 1145 1559 martyrio,
1183 1468 1383 1535 nominatim
1414 1470 1565 1537 Emeterii
1602 1493 1635 1540 et
1669 1472 1769 1542 Cheli·

628 1561 639 1603 ·’
680 1570 792 1650 donii,
823 1562 1149 1659 Calagurritanorum
1185 1586 1389 1657 martyrum:
1422 1568 1606 1651 Laurentii,
1636 1571 1767 1659 Eulalia,

640 1748 644 1755 ,
678 1670 793 1746 decem
820 1687 852 1737 et
878 1667 956 1734 osio
984 1685 1166 1759 martyrum
1190 1663 1568 1765 Casarnugustanorum‚
1592 1674 1767 1747 Vincentii:

638 1776 641 1783 '
677 1770 894 1842 inhonorem
922 1787 1025 1862 porto
1046 1784 1227 1859 martyrum
1241 1765 1428 1839 Frusluofi:
1452 1767 1593 1866 episcopi
1614 1776 1765 1843 Tarraco.

639 1948 642 1955 ,
675 1867 807 1952 nensis,
832 1886 864 1937 et
880 1869 1019 1961 Augurii
1044 1886 1076 1935 et
1092 1858 1220 1959 Eulogii
1247 1866 1483 1938 diaconorum:
1524 1876 1675 1968 Quirini,
1709 1878 1763 1970 epi·

558 2052 560 2057 ,
657 1966 766 2065 scopi
797 1965 932 2041 ecclehae
955 1964 1116 2037 Sisciante:
1154 1962 1294 2036 Caffiani
1329 1971 1643 2047 forocorneliensis:
1675 1972 1762 2046 sansii

556 2064 560 2086 ¹
659 2076 661 2081 ’
678 2073 841 2148 Romani:
861 2064 1055 2165 Hippolyti,
1077 2064 1253 2163 presbyteri
1270 2074 1425 2142 romani:
1443 2071 1668 2166 apostolorum
1688 2079 1762 2145 Peni

678 2198 716 2248 et
726 2169 825 2242 Paulli
840 2166 851 2237 :¹
875 2170 1052 2265 Cypriani,
1076 2165 1215 2264 episcopi
1231 2169 1505 2264 Carthaginiensis
1514 2228 1524 2263 ,
1541 2177 1690 2262 Agnetis,
1710 2182 1762 2245 vir·

676 2279 774 2373 ginis.
810 2276 892 2341 Sunt
913 2270 1028 2362 hymni
1044 2268 1076 2337 hi
1091 2271 1126 2337 in
1146 2290 1366 2342 revortar:
1381 2295 1393 2340 1
1422 2266 1501 2341 libro
1518 2271 1590 2374 usqi
1608 2274 1760 2373 repeseni,

675 2382 713 2449 de
748 2377 887 2451 coronis,
912 2374 1066 2439 nimirum
1090 2390 1281 2460 martyrum
1356 2370 1443 2442 Addi
1464 2374 1572 2467 potest
1592 2396 1760 2459 terenti,

675 2474 813 2553 Amafiae
852 2467 1015 2567 episcopi,
1050 2473 1207 2538 :matio
1249 2475 1283 2538 in
1323 2477 1512 2567 martyrium
1548 2474 1770 2575 praetanfflmae,

672 2580 825 2672 maryris
857 2574 1061 2661 Eupleutiae„
1101 2569 1156 2642 Ad
1193 2571 1386 2643 eorumdem
1420 2580 1602 2664 martyrum
1646 2601 1759 2649 memo·

640 2668 642 2673 ¹
678 2683 762 2751 riam
789 2670 995 2749 retinendam
1030 2690 1062 2740 et
1093 2673 1234 2740 recitata
1267 2669 1341 2741 sont
1380 2678 1536 2743 orarium:
1570 2700 1610 2747 ac
1644 2677 1759 2748 conset·

677 2800 772 2851 uate.
830 2778 887 2853 ,ln
920 2790 1082 2855 estruit
1113 2775 1220 2869 magni
1243 2768 1384 2862 opat-ibus
1403 2775 1526 2845 exstant
1548 2776 1715 2860 homilia,
1733 2781 1760 2847 in

678 2896 862 2973 martyrum
908 2873 1069 2942 honorem
1115 2870 1255 2956 habitae,
1304 2877 1341 2943 in
1388 2896 1565 2970 martyrem
1617 2884 1758 2950 nimirum

676 2980 845 3052 lulittam:
877 2978 913 3044 in
945 2974 1148 3043 Barlaamum
1186 2994 1387 3066 martyrem:
1426 2980 1462 3046 in
1502 2978 1667 3050 Gordium
1690 3002 1759 3051 mar-

678 3102 808 3173 tyrem:
848 3076 884 3146 in
914 3072 1127 3169 quadraginta
1167 3070 1308 3157 sansiosl
1330 3098 1509 3167 martyres:
1542 3082 1577 3148 in
1621 3086 1759 3152 Maman·

676 3202 743 3253 tem
758 3198 947 3270 martyrem.
1000 3176 1171 3243 Sermones
1197 3173 1342 3246 eiusdem
1368 3182 1494 3271 generis
1526 3180 1581 3249 reli
1608 3186 1655 3250 uit
1674 3205 1768 3251 σαι..

676 3304 832 3354 coaeve
868 3275 1029 3372 Nyssenur,
1068 3277 1105 3342 in
1139 3270 1266 3345 sansios
1298 3292 1358 3350 XL.
1384 3298 1543 3371 martyres
1571 3282 1779 3375 sebastenus,¹

677 3405 763 3479 quos
785 3374 910 3448 duabus
932 3373 1073 3445 homiliis
1086 3372 1236 3445 laudibus
1257 3372 1399 3447 efferret
1422 3383 1456 3447 in
1476 3403 1633 3472 magnum
1654 3406 1761 3474 marty·

674 3507 745 3556 rem
768 3478 1006 3559 Theodorum,
1033 3473 1174 3544 militum
1203 3474 1392 3571 prasesium
1419 3476 1475 3549 sub
1508 3485 1712 3565 Maximino,
1730 3504 1761 3549 ac

675 3604 790 3681 praeter
819 3581 924 3659 hunc,
954 3596 1190 3669 orrooutys
1223 3580 1439 3648 Nazianzenus
1470 3584 1703 3653 memorandus
1726 3581 1761 3651 esi

677 3684 723 3755 oh
745 3681 824 3751 duas
845 3681 1030 3759 orationes,
1055 3672 1185 3772 quarab
1205 3675 1275 3771 ipso
1297 3678 1484 3774 conscriptae
1502 3680 1576 3751 sunt
1592 3703 1625 3751 et
1653 3685 1692 3752 ad
1710 3705 1762 3752 nos

676 3799 914 3882 peruenerunt:
940 3777 1071 3847 alterans
1092 3781 1125 3844 t'n
1154 3776 1274 3846 laudem
1296 3774 1398 3872 firm‘si
1429 3786 1576 3876 Cypriani
1599 3790 1763 3880 maryris:

673 3884 810 3956 alteram
827 3888 861 3952 in
888 3881 1007 3950 mrtem
1034 3894 1211 3972 marptrum
1235 3900 1268 3947 et
1296 3877 1440 3976 aduersus
1457 3887 1602 3952 Arianos.
1651 3891 1689 3954 ln
1709 3887 1765 3980 pri·

674 3989 736 4057 mis
752 4008 769 4053 a
793 4008 847 4053 cu
859 4001 1093 4063 ursosronro
1113 3978 1221 4048 multa
1242 3984 1409 4051 orationes
1436 3983 1637 4075 martyribus
1655 4011 1694 4054 ac
1709 4009 1768 4055 nne·

674 4089 787 4158 moriat
808 4083 939 4154 illorum
959 4080 1068 4150 dicatae
1092 4099 1191 4174 arque
1205 4079 1247 4149 ad
1274 4104 1336 4149 nos
1354 4081 1464 4153 delatae
1498 4083 1581 4153 sunt.
1647 4087 1770 4157 Exstant

673 4187 837 4259 sermones
855 4188 922 4252 eius
942 4179 1106 4251 desaniiis
1129 4183 1305 4251 luucntino
1326 4203 1363 4250 et
1384 4186 1561 4253 Maximo:
1600 4184 1640 4254 de
1666 4185 1770 4256 sahso

671 4294 829 4361 Romano
850 4302 990 4374 martyre
1010 4285 1177 4349 orationes
1202 4282 1295 4350 duae:
1323 4281 1363 4351 de
1388 4281 1498 4353 sanoo
1524 4288 1672 4355 Luciano
1690 4312 1774 4358 mar.

672 4410 762 4484 tyre:
790 4387 830 4457 de
845 4383 956 4457 sensio
972 4381 1096 4451 loliano
1113 4401 1272 4473 martyre,
1295 4406 1367 4475 quac
1385 4389 1490 4454 oratio
1507 4387 1695 4458 Antiochia
1717 4388 1774 4457 ha.

673 4488 746 4558 bita'
762 4489 826 4560 est:
851 4485 892 4554 de
910 4482 1019 4555 sanun
1047 4483 1168 4574 Babyla
1192 4502 1353 4571 martyre,
1377 4482 1484 4555 sermo
1510 4484 1625 4557 itidem
1653 4494 1777 4561 Antio·

673 4589 751 4660 chiae
783 4592 955 4659 recitatus:
989 4588 1178 4652 encomium
1210 4603 1392 4674 martyrum
1428 4591 1691 4681 Aegyptiorum:
1737 4591 1777 4663 de

673 4688 785 4762 sanilo
808 4689 918 4757 Phora
940 4707 1101 4776 martyre:
1128 4680 1168 4752 de
1192 4679 1299 4753 saneia
1315 4684 1434 4757 Thecla
1451 4686 1577 4781 virgine
1600 4708 1633 4759 et
1657 4713 1778 4786 proto.

672 4809 833 4884 martyre:
859 4787 899 4862 de
915 4786 1024 4859 sanilo
1056 4781 1204 4865 barlaam
1225 4803 1393 4879 martyre:
1421 4783 1463 4861 de
1487 4788 1605 4861 sanem
1624 4797 1778 4886 martyri·

999 4930 1001 4935 ·
1129 4950 1133 4959 .
1719 4894 1778 4967 bus
