4650 5842
700 773 753 830 εκ
799 771 990 830 sineris
1025 768 1278 828 rvnortcrs
1304 769 1574 832 conversis.
1648 755 1720 854 ati

660 934 717 1006 Ad
758 931 917 1006 Rufinum
952 933 1098 1026 adiungo
1143 955 1441 1029 monumen,
1486 932 1712 1029 presbyterum

566 1110 569 1116 ,
601 1033 855 1128 Malliliensem,
883 1056 981 1130 quern
1008 1032 1126 1129 scripta
1156 1032 1305 1131 quedam
1326 1056 1432 1128 graeca
1456 1033 1557 1106 latine
1574 1033 1712 1123 vertille,

605 1135 749 1208 relatum
770 1132 924 1230 legimus.
974 1139 1014 1203 ln
1039 1131 1100 1210 illis
1129 1133 1190 1204 est:
1228 1157 1446 1204 rtuotttot
1482 1136 1589 1206 Aelttat'
1613 1138 1712 1230 apolo-

602 1241 659 1334 gia
687 1241 895 1326 ordinationis
917 1229 981 1330 suc
1009 1238 1050 1303 ad
1079 1237 1210 1304 bouem
1233 1238 1475 1324 imperatorem,
1509 1261 1609 1331 quarn
1638 1262 1657 1307 a
1681 1236 1713 1311 se
1809 1255 1812 1272 ¹

606 1342 641 1408 in
660 1336 802 1426 latinum
821 1336 1004 1407 sermonem
1022 1335 1211 1434 translatam
1228 1330 1345 1418 fuille,
1368 1336 1557 1408 Gennadius
1577 1337 1642 1433 ipse
1661 1360 1710 1411 te·

568 1437 576 1451 '
606 1437 764 1542 llatu‘rae
792 1437 913 1519 tradit,
946 1436 1172 1507 Timotheum·
1190 1438 1228 1505 in
1262 1459 1300 1506 ea
1331 1456 1437 1532 patres
1462 1437 1713 1510 Chalcedonen-

572 1537 576 1544 ’
609 1541 676 1618 ies,
698 1541 848 1608 Leonem
865 1559 986 1633 papam
1006 1556 1105 1632 atque
1121 1560 1238 1608 omnes
1251 1533 1320 1606 fere
1339 1538 1516 1609 occidentis
1538 1540 1708 1635 episcopos

608 1639 752 1710 Nestorii
769 1661 878 1734 prauae
902 1635 1056 1708 dodlrioae
1085 1633 1258 1711 adcusalle.·
1303 1641 1471 1707 Memorat
1501 1641 1598 1708 etiam
1621 1644 1714 1710 Gen.

609 1743 746 1823 badius,
767 1737 799 1810 se
822 1761 997 1809 evtoatt
1026 1741 1149 1810 Pontici
1168 1736 1339 1833 senencias
1360 1762 1399 1807 ac
1426 1736 1545 1809 librum
1574 1739 1615 1810 de
1642 1735 1711 1812 cilo

606 1835 823 1934 prirrcipclt'brct
851 1843 942 1910 vitiis
970 1836 1079 1908 latine>
1092 1834 1272 1910 reddidisse.
1303 1837 1427 1912 ,Exstat
1449 1864 1517 1934 quo
1543 1865 1583 1912 ue
1605 1865 1711 1937 greca

584 2009 587 2014 .
610 1944 835 2038 interpretatio
868 1962 1117 2032 uterentur
1143 1937 1219 2011 libri
1245 1937 1285 2011 de
1313 1943 1395 2010 viris
1416 1866 1588 2036 illustrilus.
1634 1946 1712 2013 Eius

603 2039 775 2114 'tustorm
798 2036 859 2112 elle
878 2037 1127 2135 sophronium,
1150 2039 1263 2125 illum,
1280 2043 1371 2109 cuius
1389 2045 1616 2133 Hieronymus
1645 2040 1712 2139 ipse

581 2144 647 2220 ¹iu
671 2142 762 2214 didio
780 2139 867 2228 libro
896 2142 1100 2212 mentionem
1123 2137 1243 2223 faciat,
1277 2163 1467 2214 ennsuvs
1493 2142 1626 2237 quidem
1648 2144 1713 2215 sta-

613 2249 693 2322 tuite
715 2233 901 2337 repugnant
919 2263 1029 2310 autern
1044 2239 1224 2337 aliideque
1243 2237 1389 2310 versione
1407 2241 1468 2310 hac
1488 2243 1644 2328 iudicant,
1674 2243 1714 2315 il·

610 2343 677 2416 lam
699 2347 857 2414 vitiorum
893 2337 954 2412 elle
973 2337 1186 2437 plenill'tmam
1205 2341 1337 2437 hecque
1354 2339 1385 2412 se
1400 2340 1537 2436 prodere
1559 2347 1714 2416 innume·

612 2437 769 2518 rabilibus
799 2441 868 2513 fere
902 2441 1088 2523 locis,'vbi
1109 2442 1172 2512 alia
1196 2441 1257 2513 fint
1284 2437 1416 2512 omilla:
1444 2441 1507 2512 alia
1535 2443 1713 2540 deprauata
1817 2531 1819 2536 ¹

612 2567 712 2642 atque
740 2568 761 2614 a
790 2563 899 2614 mente
912 2546 1111 2636 Hieronymi
1136 2544 1254 2620 aliena.
1308 2566 1566 2616 truncemus
1598 2569 1715 2618 omnes

579 2671 582 2676 ·
608 2647 712 2720 libros
735 2641 810 2714 suos
842 2641 962 2736 syriace
992 2643 1200 2739 composuit,
1235 2647 1400 2738 ingentis
1433 2642 1494 2715 suae
1524 2645 1714 2727 vtilitrtema

611 2744 761 2820 translati
777 2764 887 2815 autem
902 2741 1046 2814 illisunt
1070 2747 1106 2811 in
1132 2743 1211 2813 alias
1234 2744 1374 2838 linguas.
1441 2748 1529 2816 Inter
1555 2747 1716 2819 verliones

612 2849 672 2920 lias
697 2845 765 2916 fine
786 2842 888 2916 dubio
909 2867 1014 2938 greca
1042 2841 1086 2915 ell
1100 2881 1103 2888 ·
1119 2842 1351 2941 antiquiffitna.
1431 2845 1602 2916 Adornata
1628 2851 1719 2922 enim

613 2949 670 3020 illa
685 2946 751 3016 fuit
771 2969 812 3016 eo
834 2966 997 3039 ternpore,
1027 2969 1096 3040 quo
1112 2945 1300 3044 Ephramus
1331 2943 1438 3018 adhue
1465 2947 1502 3018 in
1524 2951 1607 3021 viuis
1636 2968 1717 3046 etat,

574 3113 580 3122 .
608 3055 657 3124 vti
673 3047 806 3120 testatur
827 3050 1115 3155 sozomenum*

1066 3212 1095 3308 t.
1146 3209 1213 3288 ut.

576 3320 583 3333 ’
638 3327 773 3428 Quum
805 3322 1012 3404 recentiore
1030 3345 1131 3402 aetate
1160 3320 1384 3402 eruditiffimi
1410 3323 1481 3403 viri
1503 3323 1544 3402 in
1563 3351 1610 3406 eo
1629 3350 1720 3428 ope·

567 3451 642 3506 ratn
677 3431 922 3514 collocarent,
954 3447 993 3502 vt
1028 3450 1227 3530 grecorum
1254 3446 1397 3524 patrum
1436 3426 1591 3527 scripta,
1635 3453 1719 3531 quae

568 3529 781 3608 conseruata
802 3548 838 3605 et
860 3526 980 3603 adhuc
1013 3553 1126 3603 manu
1153 3549 1294 3604 tantum
1316 3549 1456 3604 exarata
1477 3530 1635 3616 fuerant,
1661 3529 1718 3606 lit·

566 3649 723 3726 terarum
752 3627 879 3704 formis
901 3626 1193 3704 describerentur
1219 3651 1260 3703 ac
1288 3625 1379 3702 iuris
1408 3628 1546 3728 publici
1575 3631 1718 3716 fierent,

567 3750 743 3809 curarunt
762 3725 888 3816 limul,
913 3753 956 3814 ,vt
971 3729 1036 3804 ista
1056 3730 1209 3806 maioris
1237 3751 1277 3803 ac
1296 3726 1471 3804 facilioris
1492 3729 1574 3805 vius
1598 3729 1716 3805 caulia

566 3821 828 3928 lusermonem
852 3831 1006 3906 latinum
1027 3846 1344 3908 conuerrerentur.
1393 3833 1521 3906 Multae
1538 3831 1719 3930 varieque

567 3930 716 4036 generis
731 3928 845 4008 huius
867 3931 1052 4008 versiones
1071 3934 1194 4008 lucem
1208 3928 1402 4018 viderunt,
1430 3954 1510 4030 quae
1526 3932 1719 4032 postquam

566 4035 749 4135 euulgatae
766 4031 933 4133 fuerant,
961 4034 1085 4132 postea
1109 4032 1187 4107 a'liae
1209 4030 1354 4106 illarum
1380 4030 1605 4108 emendatae:
1639 4034 1718 4107 aliae

566 4157 691 4236 eaeque
719 4137 889 4210 meliores
921 4155 1033 4234 atque
1064 4132 1312 4210 adcuratiores
1338 4131 1380 4207 in
1416 4133 1562 4209 istarum
1593 4138 1718 4210 locum

566 4235 757 4316 substituta
773 4237 877 4314 sunm
919 4233 996 4314 Sed
1020 4233 1067 4312 de
1083 4233 1142 4310 his
1161 4258 1359 4337 gracorum
1383 4254 1525 4334 patrum
1545 4233 1719 4313 verlioni.

566 4335 631 4416 bus
655 4336 806 4427 latinis,
832 4356 958 4440 utpote
977 4334 1060 4414 satis
1074 4331 1181 4415 'notis
1200 4391 1212 4439 ,
1232 4336 1306 4412 iam
1331 4349 1448 4413 ta'ceo.
1565 4441 1583 4529 §
1650 4437 1705 4513 W

566 4591 1119 4614 *ηε-ι...-

599 4699 617 4738 *
636 4641 762 4756 libras.
780 4689 1043 4771 biliomerclefisssr'e.
1060 4711 1116 4770 ccp.
1129 4688 1178 4753 16.
1195 4707 1224 4765 p.
1234 4701 1304 4766 525.
1344 4687 1392 4748 De
1408 4657 1583 4746 verfionibus
1604 4683 1722 4769 Ephra-

627 4775 674 4838 mi
689 4774 776 4860 plura
799 4774 917 4838 dilierui
928 4775 1022 4856 baptor.
1039 4772 1195 4853 tecledaslic.
1222 4769 1450 4852 marcellam.
1470 4788 1498 4848 p.
1510 4782 1601 4848 1331.
1621 4873 1624 4882 Ι
