4650 5842
540 892 543 899 .
576 794 665 882 ⁹4²0
720 798 863 861 artur
895 796 936 856 x.
969 798 1023 889 or
1057 762 1235 859 trrtvu
1259 750 1424 871 nccare.
1449 795 1735 861 nvorrtour

591 910 1751 941 mm

641 960 772 1042 illarum
790 964 920 1037 breuius
944 961 1117 1033 habentur.
1167 956 1327 1051 Probauit
1348 959 1535 1030 bribantint
1557 985 1630 1031 non
1647 959 1754 1035 solum

637 1068 798 1164 insignem
809 1061 1394 1162 eloquentiamesedetiamegtegium
1404 1060 1751 1157 studiumreligionem

497 1249 502 1260 ,
595 1248 600 1259 ,
638 1169 847 1243 christianam
870 1162 1080 1236 defeltdendi.
1130 1160 1219 1233 ndu
1237 1156 1369 1257 pellunt
1392 1159 1600 1259 reliquaeiut
1619 1162 1749 1260 scripta,

630 1270 751 1346 ¹ltirlem
768 1266 933 1363 eleganter
961 1272 1060 1362 nique
1084 1252 1205 1336 utiliter
1228 1260 1430 1357 compofitm
1458 1268 1503 1333 vti
1530 1263 1576 1333 est
1599 1262 1687 1355 liber
1711 1266 1748 1337 de

634 1369 753 1466 opificio
774 1372 932 1464 luminis,¹
946 1389 1015 1463 quo
1035 1350 1188 1459 praclar'e
1207 1361 1373 1446 ostendit,
1392 1387 1493 1459 quatu
1511 1363 1632 1435 illustre
1653 1364 1749 1436 boni-

600 1560 602 1566 Ι
637 1478 726 1556 tatis,
742 1469 902 1567 sapientiae
914 1470 1135 1563 potentiaeque
1153 1464 1272 1533 diuinae
1290 1462 1529 1534 documentum
1542 1463 1583 1535 fit
1601 1465 1746 1537 hominis

640 1595 761 1671 corpus
781 1574 902 1666 pariter
928 1590 967 1637 ac
984 1569 1118 1655 animae
1140 1568 1221 1635 item
1245 1562 1326 1635 libet
1354 1565 1395 1635 ‹le
1419 1569 1471 1634 ira
1487 1569 1559 1647 dci,
1586 1590 1747 1662 quocon-

636 1697 688 1748 tra
709 1675 886 1769 Epicureos
910 1691 949 1738 ac
975 1669 1105 1738 Stoicos
1123 1665 1276 1760 probat,
1299 1686 1453 1736 neutrum
1479 1664 1543 1735 deo
1570 1666 1745 1763 indignum

637 1769 720 1858 elle,
746 1794 854 1869 neque
867 1787 902 1841 vt
914 1763 1088 1846 irascatutt
1113 1789 1224 1861 neque
1242 1786 1279 1836 vt
1297 1770 1378 1860 piot·
1389 1764 1607 1863 prosequatur
1621 1772 1745 1862 gratia:

647 1888 650 1895 '
703 1895 815 1948 tun-rt
846 1890 1027 1941 namot
1061 1889 1255 1941 moratur
1290 1864 1373 1936 liber
1401 1866 1442 1938 ‹le
1466 1876 1576 1939 eirore
1598 1871 1796 1966 prosimu·-

598 1986 602 1993 '
634 2000 709 2054 rum
731 1973 914 2072 religionum
940 1969 980 2039 acl
1012 1966 1246 2041 Constantium
1274 1985 1307 2037 et
1339 1966 1559 2038 Constantem
1579 1969 1747 2065 augustos,
1764 2017 1796 2042 ⁴

575 2125 577 2130 ·
627 2090 706 2173 'quo
738 2096 862 2164 magno
903 2072 1006 2141 animi
1037 2067 1156 2139 ardore
1176 2066 1429 2139 christianorum
1451 2065 1592 2141 caussam
1629 2078 1796 2142 c'ontraa

498 2189 502 2210 ¹
554 2192 602 2257 ,·,
627 2188 768 2274 'gentem
796 2170 1049 2269 superstitiolam
1063 2190 1095 2239 et
1117 2193 1137 2238 a
1157 2173 1245 2241 verit
1269 2165 1367 2240 sactis
1389 2167 1531 2241 alienam
1551 2175 1622 2265 agit
1647 2193 1796 2270 atque:

574 2308 577 2315 ¹
633 2285 869 2375 imperatores,
888 2291 925 2343 vt
949 2271 1036 2341 istius
1055 2269 1142 2341 sacri
1165 2273 1295 2366 penitus
1311 2268 1503 2365 exstirpent,
1529 2273 1797 2344 adhortatur:

683 2396 912 2450 aruuuottr
941 2376 1034 2442 vatia
1053 2369 1171 2467 scripta
1181 2387 1201 2465 ,t
1217 2394 1289 2467 qua
1309 2369 1374 2443 huc
1388 2368 1502 2443 referti
1521 2370 1638 2444 solent.
1664 2379 1797 2448 Sunt:

574 2506 581 2515 ·
637 2475 716 2551 ista:
732 2475 816 2549 liber
838 2473 879 2545 de
896 2468 973 2543 bono
992 2476 1125 2563 mortis,
1145 2494 1214 2566 quo
1232 2471 1272 2541 de
1287 2471 1536 2542 immortalitate
1555 2478 1797 2547 animorunu'

609 2668 611 2673 ι
635 2577 731 2652 etde
752 2574 911 2649 iustorum
933 2577 1093 2670 praemiis,
1113 2572 1187 2669 poli
1210 2571 1297 2641 hanc
1316 2576 1418 2645 vitam
1446 2568 1617 2644 'certiffime
1639 2575 1775 2672 ex'sper

577 2694 581 2721 ²
635 2676 785 2762 blandit,
824 2673 1005 2746 luculenter
1034 2693 1301 2769 commentatur:
1337 2673 1378 2745 de
1413 2669 1479 2767 fide
1511 2668 1798 2770 reficrreiiiumb·

551 2806 570 2825 ·’
635 2785 764 2866 oratio,
795 2776 883 2849 libro
917 2775 959 2847 ‹le
982 2769 1106 2846 erceffu
1133 2771 1246 2845 fratris
1264 2778 1371 2866 Satyri
1406 2771 1593 2847 subiuucla:
1618 2777 1789 2875 ¹cpijlolae

578 2880 608 2961 ⁷.
632 2898 743 2959 xxm·
761 2898 793 2951 et
816 2895 920 2953 xxxi.
944 2875 986 2948 ad
1010 2873 1279 2946 Valentinianum
1307 2878 1351 2945 im
1377 2897 1559 2960 eruorem,
1582 2902 1627 2949 ne
1657 2903 1798 2949 aran

591 3008 596 3017 ¹
632 2983 778 3057 visserio
814 2981 850 3048 in
891 2975 1102 3050 ethnicorum
1134 2979 1277 3071 gratiam
1311 2899 1481 3047 inllautari
1520 2977 1656 3058 iubente
1695 2975 1789 3052 vel

634 3080 858 3177 symmacho,
886 3077 953 3147 hoc
986 3079 1132 3174 petenti,
1166 3073 1359 3146 latisfaciat:
1386 3075 1462 3147 libri
1491 3075 1543 3148 sex
1567 3083 1605 3148 in
1633 3084 1781 3151 lexat-

634 3206 759 3263 meron,
786 3203 930 3277 quorum
946 3180 1090 3250 maxima
1105 3200 1180 3272 pars
1209 3197 1248 3248 ex
1268 3174 1372 3248 uasrlii
1396 3201 1496 3274 opere
1521 3179 1671 3253 eiusdem
1689 3208 1791 3252 ar..

634 3285 784 3380 gumenti
809 3277 966 3376 descripta
986 3278 1051 3350 est:
1072 3277 1147 3348 libri
1172 3295 1212 3354 11.
1237 3276 1279 3348 de
1308 3285 1469 3349 vocatione
1479 3277 1644 3375 gentium,
1672 3289 1792 3380 qui-

629 3384 690 3457 bus
715 3380 903 3455 Ambrofius
925 3379 965 3450 de
986 3379 1169 3450 necellttate
1185 3384 1295 3474 gratiae
1311 3379 1503 3474 euangelica
1526 3387 1689 3476 exponit:

694 3503 923 3556 rvovsrrtcr
952 3479 1025 3550 libri
1050 3479 1118 3550 duo
1135 3503 1174 3549 ac
1188 3483 1305 3574 viginti
1322 3481 1364 3551 de
1391 3486 1520 3551 ciuitate
1538 3486 1589 3550 dei
1616 3505 1777 3555 contra

629 3607 802 3682 paganos,
826 3585 883 3680 qui
901 3579 991 3651 orbis
1008 3578 1209 3651 calamitates
1224 3579 1501 3664 etvastationem‚
1525 3583 1597 3653 urbi
1617 3589 1774 3656 Rome

631 3686 673 3757 ab
698 3685 832 3757 Alarico
864 3681 1010 3766 illatam,
1032 3680 1211 3776 christianae
1234 3680 1384 3776 religioni
1419 3681 1627 3762 tribuebante
1654 3708 1781 3758 attaae

585 3870 588 3882 Ι
629 3809 708 3858 men
733 3786 848 3857 auctor
866 3782 986 3853 inistis
1014 3801 1047 3852 et
1066 3781 1129 3853 alia
1162 3803 1356 3878 argumenta
1386 3784 1598 3880 persequitur.
1632 3780 1779 3858 'Prat-

607 3904 677 3958 'ter
692 3886 794 3958 libroa
811 3880 873 3956 1103
904 3882 967 3954 alia
998 3883 1172 3977 Augustini
1198 3886 1335 3979 lc'ripta,
1366 3909 1437 3980 quae
1457 3890 1595 3981 paganis
1628 3911 1774 3985 eppo*

624 3985 683 4081 fita
702 3987 775 4058 sunt
789 4005 888 4081 atque
904 3984 946 4057 ad
965 3982 1083 4055 locum*
1096 3983 1185 4054 hunc
1206 3989 1390 4079 pertinent,
1415 4009 1769 4064 commemorantur,

625 4092 671 4158 vti
697 4087 792 4159 sunt:
818 4085 893 4157 libri
912 4105 965 4159 111.
990 4103 1100 4155 cumra
1127 4089 1340 4155 academicos:
1362 4085 1437 4157 libri
1467 4088 1573 4160 lisele
1602 4094 1721 4160 ordint
1744 4107 1768 4152 .·

622 4186 704 4259 liber
720 4188 760 4258 de
777 4187 917 4257 utilitate
935 4189 1098 4261 credendi:
1119 4184 1203 4258 liber
1224 4185 1264 4256 de
1288 4210 1365 4255 utra
1395 4188 1561 4284 religione:
1585 4188 1672 4262 liber
1698 4192 1763 4259 de

619 4295 730 4360 anima
753 4286 1012 4358 immortalitate:
1035 4286 1118 4358 liber
1152 4286 1193 4358 de
1217 4284 1409 4365 diuinatione
1428 4292 1622 4371 damonum,
1660 4307 1759 4363 cum

583 4469 585 4473 ,
617 4394 713 4462 variis
731 4383 939 4490 questionibus
957 4387 1134 4484 multisque
1148 4388 1295 4482 epistolis:

685 4510 1119 4586 coutroo1rttr,pottae
1150 4485 1336 4571 christiani,
1376 4486 1589 4584 insimiliontr
1620 4494 1753 4563 aduer‘

607 4586 825 4688 surgentium
849 4596 940 4671 deos,
963 4611 1023 4679 pro
1052 4589 1215 4683 christiana
1243 4589 1417 4685 disciplina,
1441 4595 1487 4661 ita
1519 4589 1675 4688 sempter,
1702 4602 1753 4663 vt

614 4690 745 4786 fingulae
768 4716 827 4788 per
847 4691 970 4763 litteras
992 4691 1141 4763 versuum
1169 4697 1292 4786 primas
1309 4690 1508 4762 vocabulum
1528 4693 1675 4790 aliquod
1692 4713 1755 4766 re·

562 4868 565 4877 ,
610 4790 736 4873 fetante
776 4789 886 4866 versut
922 4814 1034 4866 autem
1061 4801 1109 4867 ita
1143 4795 1329 4889 comparati
1367 4787 1464 4878 sunt,
1492 4814 1530 4866 vt
1574 4806 1758 4866 numerus

1073 4942 1076 4949 ,
1639 4897 1763 4969 ltera-
