4650 5842
580 848 650 929 352
684 805 1031 912 elevavimus
1061 848 1232 910 rrrtvrr
1268 855 1440 915 uocans.
1461 859 1738 927 nnvmmoun

595 1020 599 1029 '
630 1014 789 1111 smulque
811 1009 1051 1107 locaquaedam
1088 1028 1273 1083 ceterorum
1300 1013 1570 1107 euangelissatum
1600 1016 1736 1095 illustrat

633 1114 684 1189 ac*
697 1138 768 1211 quae
788 1117 872 1183 inter
889 1106 919 1181 se
941 1130 1089 1204 pugnare
1104 1112 1272 1194 videntur,
1297 1137 1335 1182 ea
1353 1112 1519 1188 conciliat.
1572 1121 1658 1185 Sunt
1686 1138 1735 1186 ta.

557 1216 559 1221 ’
598 1264 601 1271 ·
631 1242 709 1290 men
731 1215 961 1285 commentarii
990 1210 1024 1277 hi
1044 1210 1218 1283 mediocris
1238 1212 1425 1307 dignitatis5
1451 1239 1513 1285 nec
1539 1239 1662 1310 magna
1692 1218 1734 1289 ab

582 1368 585 1377 ·
631 1322 670 1390 iis
697 1304 906 1410 exspelianda
933 1310 977 1380 est
996 1310 1126 1380 utilitas.
1460 1314 1465 1329 ¹

691 1404 920 1487 uvobssinr
941 1409 980 1480 de
993 1411 1094 1507 ganist
1104 1413 1145 1481 ad
1163 1411 1303 1482 litteram
1320 1406 1398 1482 lib'er
1421 1414 1636 1511 imperseblus,
1662 1445 1734 1516 quo

628 1518 773 1616 primuni
781 1510 919 1611 gasasaos
935 1529 1033 1606 caput
1058 1510 1216 1607 explicare
1228 1519 1356 1610 coepit3
1384 1540 1455 1584 non
1471 1515 1654 1612 progrell'us
1675 1546 1732 1590 au·

629 1638 698 1688 tem
726 1616 828 1686 estin
855 1612 995 1707 suscepta
1024 1610 1219 1707 scriptione,
1245 1639 1348 1711 quum
1383 1616 1596 1715 existimaret,
1628 1618 1660 1689 se
1688 1621 1730 1690 ad

575 1794 582 1812 .
629 1743 732 1814 opus,
758 1720 819 1809 rite
837 1710 1099 1813 conficiendum,
1122 1716 1231 1784 minus
1258 1715 1385 1789 valete:
1409 1719 1449 1787 de
1460 1720 1561 1816 gebest
1581 1725 1624 1789 aa
1648 1722 1729 1791 litta-

626 1844 698 1905 ram
715 1814 789 1909 libri
807 1834 870 1891 xli.
897 1812 938 1885 ab
954 1835 997 1883 eo
1017 1806 1211 1908 conscripti,
1237 1814 1410 1913 postquam
1426 1818 1466 1887 ad
1485 1821 1727 1915 pristinum-la·

633 1919 749 1990 borem
767 1915 838 2013 post
859 1913 993 2013 aliquod
1012 1917 1168 2009 temporis
1187 1913 1326 2009 spatium
1345 1942 1385 1989 eo
1415 1919 1550 1989 consilio
1576 1923 1725 2008 redierat,

628 2042 667 2091 vt
685 2016 777 2111 illurn
791 2020 1002 2087 continuaret
1030 2018 1128 2110 a't'que
1152 2014 1194 2083 ad
1219 2013 1320 2088 finem
1341 2020 1546 2115 perduceret:
1576 2023 1725 2122 loqraaio·

625 2144 700 2191 atram
714 2114 916 2214 llbrisaptcm
933 2114 1051 2220 quibup
1069 2115 1221 2201 nonnulli
1238 2115 1273 2187 lo
1298 2120 1396 2190 uendi
1418 2120 1520 2209 modi,
1538 2126 1573 2192 in
1589 2122 1724 2219 scrip'tu·

608 2212 664 2307 'ra'
680 2219 788 2302 sacra,
813 2214 1086 2313 speciatim'libtis
1102 2216 1215 2313 Mofls,
1234 2142 1324 2313 labra
1349 2234 1381 2291 et
1407 2224 1542 2290 iudicum
1571 2223 1722 2321 usurpati,

625 2321 843 2416 explicantur:
873 2316 1063 2417 qrtasliomrm
1093 2321 1127 2385 in
1159 2321 1388 2409 'baptataaclrum
1413 2318 1488 2391 libri
1501 2319 1636 2418 septam,
1667 2328 1721 2398 vbi

588 2420 591 2425 ’
626 2421 826 2515 Augustinus
852 2419 892 2489 de
914 2421 1010 2490 variis
1027 2414 1129 2488 'rebus
1157 2416 1339 2491 difficilibus
1367 2444 1406 2491 ac
1430 2422 1536 2494 dubiis
1557 2427 1720 2500 distorum

622 2521 744 2619 septem
763 2519 945 2605 librorum,
975 2518 1086 2614 Mofis,
1109 2512 1204 2613 lafita
1229 2542 1266 2589 ac
1287 2526 1441 2617 iudicata,
1474 2523 1638 2618 disputat:
1667 2532 1719 2599 ad·

503 2624 510 2703 f
621 2612 814 2703 amasionum
839 2624 873 2689 in
895 2612 1003 2689 lobiam
1025 2618 1124 2717 liber,
1148 2644 1288 2715 quarum
1314 2634 1436 2719 magna
1462 2623 1507 2695 est
1529 2620 1718 2701 obscuritas.

574 2718 579 2731 '
622 2718 705 2822 Qiae
734 2721 849 2819 scripta
880 2724 925 2790 vti
942 2718 984 2789 ad
1006 2739 1097 2791 vetus
1124 2720 1350 2794 testamentum
1374 2716 1543 2820 spetiano
1566 2731 1620 2797 ita·
1636 2729 1718 2815 aljis,

623 2824 665 2897 ab
686 2820 739 2895 nu
766 2824 869 2895 ullino
900 2820 1013 2891 itidem
1037 2818 1244 2915 compositis,
1278 2822 1350 2915 libri
1380 2831 1460 2893 noui
1490 2825 1623 2898 foederis
1646 2830 1717 2900 illu·

620 2924 772 3011 strantut.
821 2928 903 2992 Sunt
927 2920 995 3009 illi:
1019 2918 1059 2990 de
1080 2917 1215 3019 caraſsaffu
1242 2925 1488 3021 euangelislarum
1510 2924 1585 2997 libri
1604 2922 1652 3001 IV.
1677 2934 1718 3002 de

610 3020 753 3125 vscratona
778 3026 894 3095 domiai
917 3026 951 3090 in
983 3034 1086 3090 monia
1108 3018 1184 3091 libii
1206 3042 1245 3096 11.
1269 3022 1459 3123 questionum
1491 3030 1716 3127 aaaage'liorirm

623 3124 698 3196 libri
713 3145 749 3217 u.
768 3125 958 3223 questionum
973 3127 1007 3190 in
1022 3124 1207 3217 stringebam
1219 3122 1385 3220 secundum
1398 3132 1580 3199 ailattbaum
1598 3128 1677 3203 liber
1691 3155 1715 3208 1.

575 3218 577 3223 ¹
617 3233 653 3296 in
684 3230 810 3322 Ioannis
842 3222 1027 3321 euangelium
1056 3222 1213 3294 trac'iatus
1247 3244 1370 3303 cxxtv.
1413 3234 1449 3297 in
1475 3231 1625 3325 epistolam
1660 3240 1715 3323 ¹io·

572 3342 574 3347 '
619 3333 710 3399 amris
738 3325 892 3395 arabiana
914 3344 950 3398 x.
985 3324 1125 3493 cxpoftio
1158 3330 1362 3425 qrarsanaim
1398 3334 1635 3428 propojiiioaum
1675 3362 1714 3405 cx

621 3428 739 3523 epistola
778 3431 819 3496 ad
844 3430 999 3499 Romanor
1019 3425 1042 3492 li
1062 3450 1097 3494 ar
1121 3446 1146 3500 Ι.
1171 3426 1290 3521 apislola
1316 3433 1357 3498 ad
1386 3435 1551 3502 Rmiaanos'
1570 3439 1606 3502 in
1622 3440 1712 3508 boata

615 3530 757 3626 expofitio
777 3550 875 3623 atque
894 3526 1034 3623 expofitio
1055 3525 1175 3620 epistola
1196 3530 1237 3597 ad
1255 3531 1390 3600 Galatas.
1466 3538 1503 3601 In
1533 3539 1600 3605 iam
1619 3561 1712 3608 enar·

574 3638 576 3645 '
615 3636 692 3702 ratis
733 3625 1067 3698 commentationibus
1093 3630 1290 3721 Augustinus
1319 3632 1458 3702 ostendit
1487 3637 1553 3707 vim
1570 3641 1712 3731 ·'ingenii

614 3756 653 3800 ac
670 3730 781 3801 iudicii
795 3727 1115 3824 satisqueptobauit‚
1145 3728 1176 3799 se
1198 3729 1352 3817 dotibus,
1380 3730 1566 3829 scripturam
1588 3736 1712 3810 sacram

610 3831 868 3927 interpretandi,
910 3852 980 3896 non
999 3829 1185 3899 destitutum
1212 3828 1315 3907 fuisse.
1368 3834 1475 3904 Multa
1510 3835 1612 3920 dixit,
1640 3866 1711 3935 quae

616 3931 725 4001 codici
758 3932 872 4001 diuino
901 3928 1007 3999 lucem
1040 3929 1184 4026 praebent
1210 3954 1307 4026 atque
1332 3934 1501 4017 utilitatem
1537 3937 1709 4019 adferuntt

614 4033 701 4103 hanc
728 4054 837 4102 autern
863 4030 907 4101 ob
929 4027 1068 4100 caullam
1096 4030 1220 4102 laudari
1248 4031 1377 4110 debent.
1429 4040 1500 4106 Nec
1523 4058 1634 4109 tamen
1655 4042 1711 4113 de·

612 4132 686 4205 sunt
713 4136 811 4214 vitia,
835 4157 910 4202 cum
929 4130 998 4200 aliis
1021 4134 1214 4226 antiquioris
1231 4134 1366 4204 ecclesiae
1397 4136 1610 4230 dodtotibus,
1627 4166 1710 4235 grae·

611 4238 657 4303 cis
675 4256 713 4300 ac
737 4230 865 4326 latinis,
895 4236 1110 4314 communia,
1133 4257 1204 4326 quae
1225 4234 1342 4305 metito
1363 4240 1596 4333 vituperantur.
1649 4247 1710 4313 Di-

610 4333 757 4428 greditur
780 4331 859 4426 saepe
881 4354 900 4400 a
925 4332 1094 4428 principali
1119 4355 1332 4431 argumento,
1365 4333 1454 4432 quod
1481 4342 1708 4414 'enarrandum

611 4435 673 4517 est,
691 4458 728 4502 ac
743 4433 787 4507 'de
806 4432 1014 4525 dogmatibus
1039 4432 1174 4528 aliisque
1194 4433 1288 4505 rebus
1306 4433 1435 4514 disserit.
1488 4443 1550 4508 Pro
1569 4446 1707 4537 ingenio

609 4532 668 4606 suo
694 4533 801 4603 subtili
828 4537 987 4629 proponit
1012 4533 1218 4630 quaestionem
1250 4559 1311 4606 nec
1340 4539 1380 4607 ad
1405 4562 1520 4610 omnes
1551 4542 1707 4616 adcurate

609 4634 793 4729 respondet.
846 4632 928 4730 Qui
948 4632 1072 4703 sensum
1093 4631 1263 4707 litteralem
1282 4637 1420 4722 habent,
1442 4662 1479 4710 ea
1505 4641 1591 4711 diua
1612 4668 1706 4714 non·

608 4759 791 4830 numquam
813 4734 986 4828 allegorice
1010 4739 1248 4828 interpretatur.
1288 4741 1435 4827 habiat,
1465 4744 1514 4815 vti
1537 4741 1613 4829 alii,
1640 4744 1707 4816 lin.

602 4858 678 4933 guae
707 4834 816 4908 ebtaeae
840 4859 880 4907 ac
909 4859 1019 4931 greca
1047 4838 1190 4930 ignarus.
1302 4888 1305 4895 -

614 4970 616 4975 ·
1552 4966 1706 5017 niano·
