4650 5842
569 787 574 826 ³
609 775 775 868 aaoua',
798 771 1021 854 isuc'tarttt
1042 769 1293 849 ratotoota
1321 757 1716 881 oootrar'tcriwppp
1748 774 1751 782 '

615 981 692 1032 turn
722 955 894 1026 ade'cimo
928 949 1038 1036 seculo
1067 949 1173 1022 ferrea
1212 971 1310 1052 atque
1345 958 1464 1030 iterum
1506 951 1716 1054 argenteap'a
1768 941 1773 959 ⁴

615 1056 820 1154 temporibus
849 1051 1097 1150 repurgaro'rtim
1119 1051 1303 1138 sacrorum,
1328 1076 1367 1126 ex
1387 1081 1456 1152 quo
1480 1061 1547 1128 iam
1567 1061 1715 1144 indicato
1737 1057 1743 1070 ”

622 1167 824 1254 argumento
862 1158 1022 1225 orationis
1049 1154 1158 1250 huius·
1176 1153 1264 1224 baud
1296 1138 1466 1227 difficulter
1496 1159 1717 1256 colligendum
1745 1205 1747 1210 ·

620 1252 1520 1352 &mmmmssmMmfflm
1644 1267 1701 1280 “

673 1401 804 1468 notar
830 1396 983 1445 zoaran
1005 1372 1167 1443 desudatio
1191 1359 1340 1471 theologia
1361 1371 1540 1514 patr't'piicae,
1553 1371 1719 1474 secundum

616 1483 762 1554 ordinem
776 1478 910 1546 locorum
932 1474 1166 1570 theologia-otiam
1181 1478 1345 1543 adornata.
1417 1479 1454 1562 ln
1476 1478 1718 1574 prolegomenis
1745 1510 1748 1516 ·

616 1586 683 1653 tria
699 1581 806 1674 capita
825 1576 1018 1676 pertraslata
1036 1572 1109 1678 sont
1128 1595 1226 1672 atque
1247 1577 1430 1669 exponitur
1446 1576 1486 1648 de
1511 1577 1717 1676 scriptoribus

614 1688 654 1757 in
675 1702 811 1776 genere,
836 1680 892 1773 qui
920 1675 961 1746 ad
987 1673 1162 1746 ledionem
1197 1696 1325 1772 patntm
1345 1674 1499 1752 ducunt:
1534 1679 1575 1749 de
1599 1683 1717 1776 regulis

616 1779 848 1882 generalibus,
868 1781 902 1846 in
922 1775 1061 1846 lenione
1082 1769 1214 1871 palt'o'm
1231 1773 1439 1847 obseruandir
1464 1803 1503 1847 ac
1526 1781 1567 1849 de
1588 1781 1718 1856 theolo.

615 1887 701 1982 giris
726 1901 855 1978 patrum
884 1876 1160 1973 systematibut.‘.
1187 1873 1258 1974 Ipsa
1278 1876 1456 1976 'delineatio
1491 1879 1592 1950 tribus
1608 1881 1719 1980 'pitti-

560 1999 591 2024 ’·
618 1985 709 2056 tibus
727 1979 864 2054 constat.
918 1971 1023 2047 Prima
1056 1971 1170 2046 aanor
1189 1971 1308 2048 disserit
1325 1977 1365 2048 de
1396 1977 1560 2077 rli'eologia
1586 1979 1719 2076 patrum
1747 1985 1750 1992 '

618 2085 836 2180 dogmatica,
862 2077 1026 2174 speciatim
1053 2077 1093 2147 de
1127 2075 1283 2176 scriptura
1314 2067 1456 2172 sacra,'·
1474 2081 1515 2153 de
1555 2081 1652 2172 deo,
1678 2086 1719 2160 de

588 2189 591 2194 ’
617 2183 785 2257 creatione
805 2203 844 2250 ac
873 2173 1097 2274 prouidentia,
1126 2177 1167 2248 de
1203 2167 1326 2274 angelis
1344 2187 1392 2274 'emt¹
1413 2181 1495 2252 slatu
1525 2165 1718 2282 inlcgrilatis

617 2290 720 2387 primi
737 2280 964 2376 ltotninisfde
988 2277 1099 2350 libero¹
1119 2278 1256 2351 arbitrio
1277 2283 1482 2376 et'pec'cato',
1507 2282 1547 2354 de
1571 2285 1720 2357 inca'ina·

615 2393 714 2461 tione
736 2381 792 2453 filii
809 2382 880 2464 dei,
905 2381 945 2451 de
967 2378 1182 2452 conuerstone
1206 2400 1238 2450 et
1257 2386 1475 2476 poenitentia,
1500 2383 1540 2456 de
1565 2386 1719 2458 iustifica.

619 2495 716 2563 tione
730 2507 763 2555 et
786 2480 1038 2554 sandlificatione
1047 2535 1057 2571 ,
1081 2478 1121 2551 de
1147 2480 1446 2576 praedestinatione,
1481 2484 1521 2557 de
1547 2484 1720 2583 baptismo,

616 2591 661 2663 de
680 2584 767 2659 sacra
788 2581 996 2674 eucharistia,
1017 2580 1057 2651 de
1085 2587 1259 2665 oratione,
1292 2580 1333 2653 de
1350 2588 1527 2679 coniugio,
1553 2586 1593 2658 de
1614 2595 1719 2684 magi·

611 2679 1720 2783 lbmopmfflnntktmmstmmemkffiffluo,defflnnmedui

612 2794 743 2877 stiana,
769 2785 809 2856 de
831 2805 937 2854 morte
954 2801 986 2854 et
1011 2783 1093 2853 statu
1123 2786 1240 2852 anima
1261 2779 1334 2879 poll
1350 2783 1514 2870 mortem,
1534 2786 1573 2858 de
1596 2789 1719 2863 iudicio
1807 2843 1811 2849 -

612 2884 1720 2972 mmmmfflmmmmwmalmhma

612 2996 815 3067 continetur.
824 2984 981 3081 expositio
998 2983 1038 3054 de
1054 3005 1185 3077 patrum
1211 2987 1358 3054 oratoria
1381 2978 1469 3056 sacra
1495 3013 1533 3057 ac
1563 2993 1655 3060 tertia
1678 2990 1719 3066 de

612 3092 940 3186 theologiapatrum
957 3081 1096 3167 morali,
1123 3108 1195 3179 quae
1221 3083 1291 3154 dua
1315 3085 1507 3182 posteriores
1528 3109 1633 3183 partes
1653 3098 1720 3186 pri.

607 3219 667 3271 ma
686 3181 789 3284 longe
808 3188 972 3261 breuiores
991 3179 1074 3255 sunt.
1125 3183 1195 3279 Ipsa
1222 3184 1402 3257 delineatio
1426 3188 1585 3258 monstrat
1607 3194 1721 3261 aurio-

611 3304 657 3371 ris
681 3293 901 3365 eruditionem
919 3311 957 3356 ac
972 3282 1168 3357 laudabilem
1181 3284 1388 3366 ¹industriam
1406 3287 1557 3382 hancque
1576 3289 1621 3360 ob
1649 3291 1719 3364 'tem

610 3382 1719 3487 mmfflmwfflffidfflmwmwm

612 3495 884 3573 emendationem
901 3485 1076 3583 postulant.
1125 3491 1210 3585 Quae
1236 3483 1323 3582 apud
1338 3506 1443 3582 patret
1463 3485 1553 3577 sunt,
1579 3490 1719 3588 dogma·

598 3590 670 3681 -ra,
697 3594 865 3691 speciatim
881 3589 1065 3659 testimonia
1089 3589 1232 3680 veritatis
1265 3610 1336 3656 non
1364 3586 1508 3657 dillinsle
1538 3611 1635 3685 atque
1653 3618 1722 3676 ex·

609 3693 716 3800 presse
737 3690 872 3768 ¹adferri
904 3713 965 3760 nec
994 3685 1119 3785 semper
1142 3685 1285 3758 debitam
1309 3687 1430 3784 probat
1455 3689 1716 3771 adcurationem.

609 3796 943 3874 Commentariorum
979 3789 1086 3877 hanc,
1113 3805 1226 3884 'quum
1253 3786 1309 3856 illa
1344 3787 1562 3884 manuscripta
1589 3812 1720 3867 tantum

609 3889 786 3979 exstiterit,
819 3897 897 3964 luris
931 3887 1054 3988 publici
1088 3887 1169 3962 serit
1197 3911 1258 3965 ιο.
1294 3909 1526 3962 orarunto.
1550 3913 1719 3967 vincat·

610 3993 844 4078 tanvn*·²

629 4252 761 4336 Venio
781 4246 826 4331 ad
843 4247 1006 4328 vltimatn
1028 4245 1171 4325 classem
1194 4266 1353 4348 eamque
1370 4246 1659 4347 quintam'atque
1678 4244 1719 4321 in

560 4360 622 4442 illa
649 4365 777 4436 locum
809 4352 962 4453 adligno
990 4347 1248 4449 scriptoribus,
1273 4349 1339 4448 qui
1365 4354 1542 4446 arsita-iam
1563 4348 1719 4447 ſsnguln·
1768 4425 1771 4429 ,

560 4473 608 4541 rit
643 4466 820 4562 dogmata
849 4459 1030 4549 caristiam
1072 4473 1122 4526 tta
1147 4451 1397 4542 illustrarunt,
1426 4469 1465 4524 vt
1494 4476 1572 4523 non
1603 4449 1720 4523 tolum

560 4581 803 4657 enarrarent,
832 4580 912 4656 quae
936 4553 1142 4630 recentiore
1172 4570 1274 4628 etate
1297 4551 1344 4629 de
1381 4549 1450 4625 isto
1475 4547 1543 4627 fint
1576 4549 1719 4723 tpiadtta,

1185 4667 1187 4672 ’
1620 4665 1720 4748 tipu-

560 4801 1303 4839 -ῇ-...ι--ι-Δ--ὴ-ιηω-
1311 4801 1711 4825 annun-m

582 4908 600 4947 *
621 4908 656 4969 in
675 4918 777 4983 tempe,
800 4895 928 4961 anecdota
948 4894 1032 4988 fitcra
1046 4867 1272 4977 oenacensem
1289 4893 1396 4974 P·2⁶3·
