4650 5842
647 772 724 883 49'4
749 782 892 856 cervi·
915 734 1016 848 xrrr.
1040 778 1092 847 nu
1115 786 1305 893 rlrrvrt
1320 786 1492 849 rectura
1510 744 1815 864 brummout

646 960 650 967 ⁵
698 959 1033 1039 tuti'subiiciendum:
1061 955 1101 1024 ad
1124 950 1280 1025 christum
1303 948 1369 1025 filie
1389 954 1658 1061 ampksslendum
1681 966 1808 1064 vultque·

698 1065 814 1151 stmul,
835 1083 871 1134 vt
887 1057 1016 1147 hareses
1033 1057 1230 1155 lenirentur.
1280 1052 1410 1149 Seriplit
1431 1050 1586 1153 priterea
1608 1068 1798 1160 Augustinus

586 1157 589 1165 ¹
648 1160 651 1165 ’
698 1168 739 1239 de
767 1163 977 1237 continentia.-
997 1156 1038 1229 de
1055 1166 1150 1247 'opere
1168 1157 1401 1239 monulotran,
1431 1170 1513 1329 'pun
1545 1162 1636 1237 libro
1667 1167 1797 1242 caussam

696 1273 765 1363 agit
781 1255 902 1336 ¹eorum
920 1254 1183 1338 monachorum,
1200 1258 1434 1351 quimanibur
1462 1264 1511 1345 uia
1530 1286 1570 1335 ac
1590 1273 1735 1363 propriis
1751 1271 1796 1341 211.

697 1371 816 1440 mentis
830 1362 869 1437 'se
892 1357 1110 1433 sustentebanr
1139 1374 1257 1426 contra
1284 1354 1390 1442 illos,
1413 1360 1651 1454 quialiorurn
1677 1390 1793 1454 tantun

698 1467 891 1541 liberalitate
919 1459 1089 1531 alebantur
1107 1456 1238 1553 hot'que
1251 1460 1505 1557 ignauiaearque
1526 1475 1727 1562 arrogantia
1753 1478 1791 1542 in.

697 1566 836 1641 simulat.
885 1566 924 1633 ln
945 1559 1011 1631 fine
1032 1562 1169 1629 minitoa
1198 1557 1383 1630 monachos
1406 1563 1614 1657 reprehendit
1641 1594 1683 1639 ac
1714 1576 1791 1666 petit,

609 1682 612 1687 '
652 1664 654 1669 ’
695 1694 740 1742 ne
760 1680 1091 1759 eontra'praeceptum
1115 1656 1332 1828 {polimitum
1351 1662 1387 1727 in
1410 1660 1509 1733 conia
1530 1671 1714 1761 ‘nutrienda
1731 1698 1792 1770 per.

693 1789 788 1865 gant.
842 1765 980 1835 Generis·
1000 1760 1097 1830 huiur
1151 1762 1181 1828 'a
1208 1762 1563 1861 monimentaaeliungi
1589 1769 1715 1843 debent
1726 1799 1741 1842 :-
1760 1774 1793 1845 li.

697 1871 756 1942 ber
776 1866 815 1937 de
828 1867 1000 1957 patientia.-
1015 1859 1104 1931 aliua·
1127 1858 1168 1929 de
1181 1859 1464 1932 militate-ieiunii:
1483 1864 1559 1937 libri
1576 1868 1646 1939 duo
1662 1873 1712 1944 ·de
1730 1899 1791 1945 mo-

649 1980 653 1993 ’
694 1964 781 2042 ribus
800 1964 918 2063 ccclefiae
935 1960 1084 2032 catholica
1101 1976 1134 2030 et
1147 1963 1402 2049 manicheorum,
1420 1984 1563 2059 quornm
1591 1975 1689 2065 prior
1714 1975 1790 2045 velut

600 2100 604 2117 ·
694 2054 930 2167 eompendium
951 2062 1106 2133 doctrina
1125 2060 1261 2133 moralia
1287 2058 1513 2159 compleilitur
1530 2092 1570 2138 ac
1591 2068 1810 2167 fundamenti,

692 2169 772 2242 loco
790 2169 942 2265 ponitur,
964 2160 1071 2234 solum
1092 2161 1190 2235 deum
1210 2157 1271 2237 elle
1284 2166 1403 2234 animae
1419 2166 1723 2247 nostrasummum
1739 2177 1788 2246 bo·

694 2292 777 2340 num
798 2268 929 2363 hocque
939 2266 1085 2335 ‘nomine
1107 2263 1204 2359 supr'ai
1226 2267 1341 2336 omnia
1373 2269 1553 2340 amandum
1584 2272 1688 2369 idque
1724 2301 1788 2347 ora.

652 2382 672 2393 ''
694 2368 774 2440 culis
789 2368 905 2438 veteris
939 2388 978 2434 ac
998 2368 1081 2435 noui
1099 2363 1281 2435 testamenti
1294 2366 1542 2462 comprobatur.
1594 2376 1726 2468 Quibus
1740 2402 1787 2446 er.

591 2475 608 2551 s
694 2468 818 2567 positis,
838 2467 979 2546 ostendit
997 2465 1601 2563 Augustinus,uirtutes-omnesfnihil
1617 2475 1707 2547 aliud
1725 2468 1786 2561 eise,

570 2572 580 2609 ·'
624 2598 627 2605 ·
694 2594 795 2666 quam
818 2565 976 2639 diuersos·
995 2570 1118 2635 amoris
1135 2563 1399 2663 diuinimodos:
1427 2578 1680 2664 temperantiam
1699 2583 1786 2649 nimi.

690 2695 764 2742 rum
777 2665 838 2740 else
854 2682 1023 2749 amntem,
1050 2690 1118 2762 quo
1134 2670 1207 2761 'quia
1233 2665 1264 2737 se
1278 2665 1348 2757 ,deo
1369 2691 1487 2762 purum
1512 2693 1545 2743 et
1567 2666 1803 2774 incorruptum*

650 2779 656 2789 '
690 2770 816 2844 seruet:
840 2767 1098 2858 fortitudinem,¹
1118 2762 1289 2849 a'rnntern',
1323 2792 1391 2862 quo
1414 2775 1488 2867 quis
1511 2780 1638 2857 omnia,
1656 2779 1808 2851 libenter

672 2895 753 2971 ¹pro
776 2871 882 2966 gloria
898 2869 949 2939 dei
968 2864 1131 2963 patiatur,
1152 2867 1187 2936 id
1202 2867 1307 2963 a‘quod
1332 2873 1432 2941 etiam
1453 2872 1499 2940 rie
1522 2871 1594 2945 aliis
1618 2878 1783 2966 virtutibus

690 2971 880 3042 dicendum.
896 2976 899 2985 “
929 2970 982 3038 Ad
1005 2966 1151 3060 regulam
1166 2968 1253 3037 hane
1269 2969 1518 3043 cbrillia'norum
1534 2999 1648 3047 mores
1674 2980 1783 3050 diiudi-

686 3072 776 3148 dicat
795 3095 832 3142 ac
850 3070 935 3142 libro
951 3068 1093 3138 secundo
1115 3068 1295 3158 monstrat,
1321 3069 1362 3139 ab
1384 3085 1438 3142 ea'
1451 3096 1559 3144 mores
1582 3082 1783 3150 Manichao'·

687 3199 761 3246 rum
783 3171 884 3266 longe
912 3168 1083 3240 discedere.
1134 3173 1208 3237 Nec
1229 3175 1494 3262 praetermittendi
1521 3175 1597 3245 sunt
1625 3179 1702 3251 libri
1723 3182 1782 3251 duo

582 3304 584 3310 ·
635 3306 639 3319 ¹
676 3275 930 3373 soliloquiorum,
946 3294 987 3341 eo
1008 3267 1145 3339 confilio
1167 3268 1294 3371 scripti,
1320 3293 1354 3340 vt
1373 3296 1411 3341 ex
1430 3275 1689 3366 interimamus,
1706 3308 1781 3379 quo.

669 3362 790 3446 'modo
810 3377 845 3442 in
862 3374 1055 3466 cognitione
1066 3370 1125 3438 -dei
1142 3393 1181 3438 ac
1197 3376 1315 3441 virtute
1336 3372 1499 3466 proficere
1512 3402 1684 3471 queamus,
1710 3391 1782 3452 sunt

684 3476 749 3546 alia
769 3474 913 3544 dolloris
932 3473 1028 3541 huius
1058 3475 1265 3540 monimenta
1296 3473 1451 3552 moraliae
1476 3503 1547 3572 quae
1572 3504 1685 3554 autern
1718 3508 1779 3552 non

680 3598 751 3655 tam
778 3574 820 3644 ad
839 3573 978 3644 ethicam
992 3592 1003 3654 ;
1028 3594 1128 3666 quarn
1144 3570 1186 3638 ad
1217 3574 1505 3666 iurisprudentiarn
1529 3579 1700 3661 diuinam3
1725 3584 1780 3654 siue

682 3677 726 3746 ad
745 3699 818 3745 earn
842 3672 1015 3765 theologiae
1034 3670 1169 3749 moralis
1185 3694 1310 3767 partem
1332 3678 1516 3773 pertinent,
1542 3706 1607 3773 qua
1620 3685 1672 3756 ·de
1706 3689 1778 3778 legi.

586 3813 590 3823 s
681 3776 742 3847 bus
766 3776 885 3845 diuinis
904 3772 1085 3868 officiisque
1111 3772 1288 3843 hominum
1311 3782 1502 3871 exponitur,
1527 3780 1602 3850 ltbri
1622 3786 1667 3856 de
1687 3792 1778 3855 tonia·

581 3874 585 3879 ’
674 3875 1013 3973 ἕίἰπαάιιίτσνῖηἱκάο
1029 3875 1209 3942 mendatio:
1234 3893 1343 3942 eontra
1367 3882 1579 3959 mrudacimu,
1598 3885 1639 3955 de
1667 3887 1776 3982 quibus

654 3984 656 3986 ’
679 3997 777 4071 atque
795 3976 935 4046 aliorum
956 3995 1087 4071 patrum
1108 3974 1299 4044 huiusmodi
1327 3974 1454 4070 scriptia
1473 3983 1582 4072 polica
1613 3986 1721 4079 plura
1734 3989 1775 4055 di.

675 4077 781 4145 eenda
800 4097 907 4152 erunt.
960 4080 1165 4168 Argumenta
1193 4077 1335 4145 'moralia
1369 4081 1607 4171 pertraiiandi,
1629 4111 1708 4158 enm
1734 4112 1776 4159 ra-

677 4179 806 4246 tionem
825 4175 1025 4269 Augustinus
1056 4171 1209 4270 sequutus
1238 4177 1302 4259 est,
1329 4196 1364 4246 vt
1392 4179 1433 4247 ab
1462 4181 1532 4250 aliis
1558 4189 1706 4278 patribus
1733 4191 1775 4256 di.

674 4300 804 4372 crepet,
828 4280 885 4372 qui
904 4273 1077 4371 presertim
1100 4298 1177 4345 ante
1195 4300 1272 4347 eum
1302 4278 1508 4350 indocirina
1531 4288 1667 4360 morum
1692 4296 1774 4382 ingo
1823 4342 1824 4360 r

673 4383 730 4463 nia
749 4375 804 4449 sua
820 4396 1043 4465 exercuerunt.
1061 4456 1063 4461 .
1098 4375 1145 4445 ab
1168 4374 1362 4472 eloquentiae
1383 4383 1490 4450 nimio
1509 4382 1636 4474 studio«,
1671 4414 1689 4459 a
1709 4391 1796 4461 slm·.

582 4498 584 4503 ·
671 4478 748 4573 plici
765 4478 933 4572 planoque
958 4473 1088 4546 dicendi
1114 4499 1240 4569 genere
1268 4478 1445 4565 abstinuit,
1476 4508 1660 4581 quumque·
1682 4495 1799 4580 inpt⁴··

556 4614 558 4619 ·
608 4647 611 4652 ,
670 4582 733 4647 tnis
753 4578 868 4647 l'cholae
882 4574 1062 4646 inseruire:
1079 4575 1299 4648 eruditionem
1319 4582 1455 4674 vimque
1466 4587 1590 4678 ingenii
1618 4587 1664 4660 sui
1683 4616 1775 4669 mon,

671 4678 770 4748 lirare
794 4677 912 4761 vellet,
932 4674 1145 4771 philosophos
1162 4701 1345 4775 eorumque
1360 4681 1500 4754 docendi
1522 4688 1754 4762 methodum-s
1764 4729 1775 4746 ·

526 4816 528 4825 ·
612 4814 615 4821 ·
668 4779 773 4855 elatus
804 4778 871 4857 est:
897 4781 1007 4853 rarior
1033 4775 1122 4852 casua
1145 4774 1333 4856 formant:
1352 4788 1467 4866 ‚var—iar
1494 4791 1691 4885 questiones
1712 4793 1778 4864 snb·

899 4932 902 4937 ·
1138 4932 1140 4937 ·
1217 4908 1222 4920 ’
1483 4934 1486 4939 ·
1545 4944 1548 4949 -
1614 4900 1650 4948 ⁸·
1702 4898 1774 4967 'tiles
