<?xml version="1.0" encoding="UTF-8"?>
<!DOCTYPE html PUBLIC "-//W3C//DTD XHTML 1.0 Transitional//EN"
    "http://www.w3.org/TR/xhtml1/DTD/xhtml1-transitional.dtd">
<html xmlns="http://www.w3.org/1999/xhtml" xml:lang="en" lang="en">
 <head>
  <title>
</title>
<meta http-equiv="Content-Type" content="text/html;charset=utf-8" />
  <meta name='ocr-system' content='tesseract 3.04.00' />
  <meta name='ocr-capabilities' content='ocr_page ocr_carea ocr_par ocr_line ocrx_word'/>
</head>
<body>
  <div class='ocr_page' id='page_1' title='image "./iogeorgiiwalchi03walcgoog_0357.png"; bbox 0 0 4650 5842; ppageno 0'>
   <div class='ocr_carea' id='block_1_1' title="bbox 565 750 1726 860">
    <p class='ocr_par' dir='ltr' id='par_1_1' title="bbox 565 743 1726 860">
     <span class='ocr_line' id='line_1_1' title="bbox 565 750 1726 860; baseline -0.006 -18"><span class='ocrx_word' id='word_1_1' title='bbox 565 781 567 790; x_wconf 86' lang='lat'>·</span> <span class='ocrx_word' id='word_1_2' title='bbox 760 779 935 841; x_wconf 72' lang='lat' dir='ltr'>uantur</span> <span class='ocrx_word' id='word_1_3' title='bbox 967 781 1168 838; x_wconf 79' lang='lat' dir='ltr'>rnornua</span> <span class='ocrx_word' id='word_1_4' title='bbox 1200 780 1254 838; x_wconf 83' lang='lat' dir='ltr'>ao</span> <span class='ocrx_word' id='word_1_5' title='bbox 1280 779 1480 840; x_wconf 75' lang='lat' dir='ltr'>nunnus.</span> <span class='ocrx_word' id='word_1_6' title='bbox 1628 750 1726 860; x_wconf 75' lang='lat'>&#39;335</span> 
     </span>
    </p>
   </div>
   <div class='ocr_carea' id='block_1_2' title="bbox 570 885 1790 4852">
    <p class='ocr_par' dir='ltr' id='par_1_2' title="bbox 582 885 1721 920">
     <span class='ocr_line' id='line_1_2' title="bbox 582 885 1721 920; baseline 0 0"><span class='ocrx_word' id='word_1_7' title='bbox 582 885 1721 920; x_wconf 50' lang='lat' dir='ltr'><em>W</em></span> 
     </span>
    </p>

    <p class='ocr_par' dir='ltr' id='par_1_3' title="bbox 572 931 1722 1045">
     <span class='ocr_line' id='line_1_3' title="bbox 572 931 1722 1045; baseline -0.008 -28"><span class='ocrx_word' id='word_1_8' title='bbox 572 933 575 944; x_wconf 53' lang='lat'><strong>¹</strong></span> <span class='ocrx_word' id='word_1_9' title='bbox 683 951 768 1045; x_wconf 80' lang='lat' dir='ltr'>Qut</span> <span class='ocrx_word' id='word_1_10' title='bbox 785 944 826 1015; x_wconf 88' lang='lat' dir='ltr'>ad</span> <span class='ocrx_word' id='word_1_11' title='bbox 843 944 956 1015; x_wconf 90' lang='lat' dir='ltr'>locum</span> <span class='ocrx_word' id='word_1_12' title='bbox 977 942 1067 1012; x_wconf 89' lang='lat' dir='ltr'>hunc</span> <span class='ocrx_word' id='word_1_13' title='bbox 1086 931 1360 1039; x_wconf 79' lang='lat' dir='ltr'>referripolsunt,</span> <span class='ocrx_word' id='word_1_14' title='bbox 1383 941 1446 1014; x_wconf 88' lang='lat' dir='ltr'>alia</span> <span class='ocrx_word' id='word_1_15' title='bbox 1466 940 1580 1040; x_wconf 88' lang='lat' dir='ltr'>scripta</span> <span class='ocrx_word' id='word_1_16' title='bbox 1602 943 1722 1041; x_wconf 73' lang='lat' dir='ltr'>spacia.</span> 
     </span>
    </p>

    <p class='ocr_par' dir='ltr' id='par_1_4' title="bbox 621 1039 1720 1223">
     <span class='ocr_line' id='line_1_4' title="bbox 621 1039 1720 1143; baseline 0.003 -25"><span class='ocrx_word' id='word_1_17' title='bbox 621 1046 683 1118; x_wconf 88' lang='lat' dir='ltr'>tim</span> <span class='ocrx_word' id='word_1_18' title='bbox 702 1046 744 1117; x_wconf 90' lang='lat' dir='ltr'>ad</span> <span class='ocrx_word' id='word_1_19' title='bbox 769 1067 900 1143; x_wconf 89' lang='lat' dir='ltr'>patrum</span> <span class='ocrx_word' id='word_1_20' title='bbox 918 1039 1160 1143; x_wconf 81' lang='lat' dir='ltr'>philosophiam</span> <span class='ocrx_word' id='word_1_21' title='bbox 1174 1043 1379 1115; x_wconf 73' lang='lat' dir='ltr'><strong>Platonicam</strong></span> <span class='ocrx_word' id='word_1_22' title='bbox 1395 1042 1551 1142; x_wconf 68' lang='lat' dir='ltr'>spasiant.</span> <span class='ocrx_word' id='word_1_23' title='bbox 1569 1110 1576 1117; x_wconf 91' lang='lat'>.</span> <span class='ocrx_word' id='word_1_24' title='bbox 1598 1052 1638 1118; x_wconf 90' lang='lat' dir='ltr'>In</span> <span class='ocrx_word' id='word_1_25' title='bbox 1656 1048 1720 1122; x_wconf 90' lang='lat' dir='ltr'>illis</span> 
     </span>
     <span class='ocr_line' id='line_1_5' title="bbox 621 1146 1351 1223; baseline -0.003 0"><span class='ocrx_word' id='word_1_26' title='bbox 621 1146 715 1223; x_wconf 81' lang='lat' dir='ltr'>sunt:</span> <span class='ocrx_word' id='word_1_27' title='bbox 863 1147 877 1204; x_wconf 80' lang='lat'>&#39;-</span> <span class='ocrx_word' id='word_1_28' title='bbox 1074 1152 1077 1158; x_wconf 75' lang='grc'><strong>’</strong></span> <span class='ocrx_word' id='word_1_29' title='bbox 1349 1165 1351 1171; x_wconf 86' lang='grc'><strong>“</strong></span> 
     </span>
    </p>

    <p class='ocr_par' dir='ltr' id='par_1_5' title="bbox 570 1237 1722 1647">
     <span class='ocr_line' id='line_1_6' title="bbox 570 1237 1722 1346; baseline 0 -24"><span class='ocrx_word' id='word_1_30' title='bbox 570 1255 573 1260; x_wconf 84' lang='grc'><strong>’</strong></span> <span class='ocrx_word' id='word_1_31' title='bbox 684 1269 902 1322; x_wconf 79' lang='lat' dir='ltr'>raonnrnr</span> <span class='ocrx_word' id='word_1_32' title='bbox 932 1267 1182 1317; x_wconf 84' lang='lat' dir='ltr'>aavnrnrrt</span> <span class='ocrx_word' id='word_1_33' title='bbox 1209 1243 1291 1315; x_wconf 90' lang='lat' dir='ltr'>liber</span> <span class='ocrx_word' id='word_1_34' title='bbox 1314 1242 1355 1315; x_wconf 86' lang='lat' dir='ltr'>de</span> <span class='ocrx_word' id='word_1_35' title='bbox 1375 1237 1552 1343; x_wconf 77' lang='lat' dir='ltr'>dogmatum</span> <span class='ocrx_word' id='word_1_36' title='bbox 1579 1251 1722 1346; x_wconf 67' lang='lat' dir='ltr'>Ortgmis</span> 
     </span>
     <span class='ocr_line' id='line_1_7' title="bbox 621 1343 1720 1448; baseline 0.003 -26"><span class='ocrx_word' id='word_1_37' title='bbox 621 1374 691 1422; x_wconf 82' lang='lat' dir='ltr'>crstn</span> <span class='ocrx_word' id='word_1_38' title='bbox 705 1353 857 1445; x_wconf 79' lang='lat' dir='ltr'><em>dogmatis</em></span> <span class='ocrx_word' id='word_1_39' title='bbox 867 1347 1003 1423; x_wconf 81' lang='lat' dir='ltr'><em>Platonis</em></span> <span class='ocrx_word' id='word_1_40' title='bbox 1012 1351 1259 1437; x_wconf 75' lang='lat' dir='ltr'>compararim,</span> <span class='ocrx_word' id='word_1_41' title='bbox 1278 1343 1447 1417; x_wconf 74' lang='lat' dir='ltr'>Florentia</span> <span class='ocrx_word' id='word_1_42' title='bbox 1462 1353 1720 1448; x_wconf 54' lang='lat' dir='ltr'>Mncxxxlxm.</span> 
     </span>
     <span class='ocr_line' id='line_1_8' title="bbox 621 1444 1720 1546; baseline -0.004 -21"><span class='ocrx_word' id='word_1_43' title='bbox 621 1444 930 1546; x_wconf 71' lang='lat' dir='ltr'>subinnuissalclrts</span> <span class='ocrx_word' id='word_1_44' title='bbox 950 1447 1163 1519; x_wconf 77' lang='lat' dir='ltr'>Tmuliancis&#39;</span> <span class='ocrx_word' id='word_1_45' title='bbox 1177 1467 1210 1521; x_wconf 85' lang='lat' dir='ltr'>et</span> <span class='ocrx_word' id='word_1_46' title='bbox 1226 1452 1296 1517; x_wconf 82' lang='lat' dir='ltr'>vita</span> <span class='ocrx_word' id='word_1_47' title='bbox 1307 1446 1539 1545; x_wconf 76' lang='lat' dir='ltr'>clrt‘sllanorum</span> <span class='ocrx_word' id='word_1_48' title='bbox 1553 1468 1627 1520; x_wconf 79' lang='lat' dir='ltr'>ants</span> <span class='ocrx_word' id='word_1_49' title='bbox 1643 1470 1720 1536; x_wconf 76' lang='lat' dir='ltr'>tasn-</span> 
     </span>
     <span class='ocr_line' id='line_1_9' title="bbox 617 1549 1645 1647; baseline -0.006 -24"><span class='ocrx_word' id='word_1_50' title='bbox 617 1576 698 1647; x_wconf 81' lang='lat' dir='ltr'>pora</span> <span class='ocrx_word' id='word_1_51' title='bbox 721 1549 910 1646; x_wconf 73' lang='lat' dir='ltr'>Constantini</span> <span class='ocrx_word' id='word_1_52' title='bbox 925 1554 1037 1647; x_wconf 83' lang='lat' dir='ltr'>magni.</span> <span class='ocrx_word' id='word_1_53' title='bbox 1084 1549 1088 1568; x_wconf 86' lang='lat'>¹</span> <span class='ocrx_word' id='word_1_54' title='bbox 1371 1589 1373 1594; x_wconf 95' lang='lat'>·</span> <span class='ocrx_word' id='word_1_55' title='bbox 1643 1549 1645 1558; x_wconf 87' lang='lat'>&#39;</span> 
     </span>
    </p>

    <p class='ocr_par' dir='ltr' id='par_1_6' title="bbox 623 1644 1763 1953">
     <span class='ocr_line' id='line_1_10' title="bbox 685 1644 1718 1749; baseline 0.002 -28"><span class='ocrx_word' id='word_1_56' title='bbox 685 1675 915 1724; x_wconf 79' lang='lat' dir='ltr'>runaaorr</span> <span class='ocrx_word' id='word_1_57' title='bbox 946 1673 1045 1721; x_wconf 81' lang='lat' dir='ltr'>nau.</span> <span class='ocrx_word' id='word_1_58' title='bbox 1073 1670 1313 1720; x_wconf 67' lang='lat' dir='ltr'>contutari</span> <span class='ocrx_word' id='word_1_59' title='bbox 1346 1644 1511 1746; x_wconf 82' lang='lat' dir='ltr'>platonisclr</span> <span class='ocrx_word' id='word_1_60' title='bbox 1541 1653 1718 1749; x_wconf 64' lang='lat' dir='ltr'>insanisti</span> 
     </span>
     <span class='ocr_line' id='line_1_11' title="bbox 623 1749 1718 1848; baseline -0.001 -21"><span class='ocrx_word' id='word_1_61' title='bbox 623 1752 858 1848; x_wconf 70' lang='lat' dir='ltr'>clrrrstsntltum,</span> <span class='ocrx_word' id='word_1_62' title='bbox 880 1751 989 1848; x_wconf 83' lang='lat' dir='ltr'>Lipsrae</span> <span class='ocrx_word' id='word_1_63' title='bbox 1007 1769 1154 1825; x_wconf 82' lang='lat' dir='ltr'>Mncxc.</span> <span class='ocrx_word' id='word_1_64' title='bbox 1174 1769 1325 1828; x_wconf 77' lang='lat' dir='ltr'><strong>MDCCX.</strong></span> <span class='ocrx_word' id='word_1_65' title='bbox 1344 1763 1378 1837; x_wconf 85' lang='lat'>8.</span> <span class='ocrx_word' id='word_1_66' title='bbox 1400 1754 1459 1848; x_wconf 89' lang='lat' dir='ltr'>qui</span> <span class='ocrx_word' id='word_1_67' title='bbox 1480 1749 1563 1823; x_wconf 81' lang='lat' dir='ltr'>liber</span> <span class='ocrx_word' id='word_1_68' title='bbox 1585 1754 1718 1826; x_wconf 85' lang='lat' dir='ltr'>testatur</span> 
     </span>
     <span class='ocr_line' id='line_1_12' title="bbox 628 1849 1763 1953; baseline 0 -28"><span class='ocrx_word' id='word_1_69' title='bbox 628 1855 762 1953; x_wconf 82' lang='lat' dir='ltr'>quidem</span> <span class='ocrx_word' id='word_1_70' title='bbox 777 1854 817 1925; x_wconf 79' lang='lat' dir='ltr'>dt</span> <span class='ocrx_word' id='word_1_71' title='bbox 833 1853 974 1922; x_wconf 67' lang='lat' dir='ltr'>ausloris</span> <span class='ocrx_word' id='word_1_72' title='bbox 990 1849 1175 1924; x_wconf 82' lang='lat' dir='ltr'>eruditione</span> <span class='ocrx_word' id='word_1_73' title='bbox 1201 1874 1240 1921; x_wconf 91' lang='lat' dir='ltr'>ac</span> <span class='ocrx_word' id='word_1_74' title='bbox 1260 1851 1444 1946; x_wconf 75' lang='lat' dir='ltr'>diligentias</span> <span class='ocrx_word' id='word_1_75' title='bbox 1487 1875 1564 1924; x_wconf 92' lang='lat' dir='ltr'>cum</span> <span class='ocrx_word' id='word_1_76' title='bbox 1592 1853 1716 1926; x_wconf 91' lang='lat' dir='ltr'>iudicio</span> <span class='ocrx_word' id='word_1_77' title='bbox 1761 1849 1763 1856; x_wconf 70' lang='grc'><strong>’</strong></span> 
     </span>
    </p>

    <p class='ocr_par' dir='ltr' id='par_1_7' title="bbox 572 1949 1790 2556">
     <span class='ocr_line' id='line_1_13' title="bbox 572 1949 1719 2050; baseline -0.002 -22"><span class='ocrx_word' id='word_1_78' title='bbox 572 1949 575 1954; x_wconf 62' lang='grc'><strong>’</strong></span> <span class='ocrx_word' id='word_1_79' title='bbox 621 1977 730 2040; x_wconf 85' lang='lat' dir='ltr'>autem</span> <span class='ocrx_word' id='word_1_80' title='bbox 752 1954 906 2050; x_wconf 84' lang='lat' dir='ltr'>legendus</span> <span class='ocrx_word' id='word_1_81' title='bbox 927 1952 979 2024; x_wconf 85' lang='lat' dir='ltr'>cll.</span> <span class='ocrx_word' id='word_1_82' title='bbox 1029 1957 1079 2021; x_wconf 90' lang='lat' dir='ltr'>Eo</span> <span class='ocrx_word' id='word_1_83' title='bbox 1092 1955 1206 2037; x_wconf 86' lang='lat' dir='ltr'>enim,</span> <span class='ocrx_word' id='word_1_84' title='bbox 1230 1952 1324 2050; x_wconf 92' lang='lat' dir='ltr'>quod</span> <span class='ocrx_word' id='word_1_85' title='bbox 1346 1955 1486 2024; x_wconf 88' lang='lat' dir='ltr'>nimium</span> <span class='ocrx_word' id='word_1_86' title='bbox 1505 1952 1573 2038; x_wconf 86' lang='lat' dir='ltr'>est,</span> <span class='ocrx_word' id='word_1_87' title='bbox 1604 1976 1719 2050; x_wconf 84' lang='lat' dir='ltr'>peccat</span> 
     </span>
     <span class='ocr_line' id='line_1_14' title="bbox 622 2045 1718 2152; baseline -0.003 -24"><span class='ocrx_word' id='word_1_88' title='bbox 622 2082 661 2128; x_wconf 87' lang='lat' dir='ltr'>ac</span> <span class='ocrx_word' id='word_1_89' title='bbox 680 2054 762 2152; x_wconf 74' lang='lat' dir='ltr'>sape</span> <span class='ocrx_word' id='word_1_90' title='bbox 780 2080 798 2125; x_wconf 88' lang='lat' dir='ltr'>a</span> <span class='ocrx_word' id='word_1_91' title='bbox 818 2058 952 2127; x_wconf 82' lang='lat' dir='ltr'>veritate</span> <span class='ocrx_word' id='word_1_92' title='bbox 970 2051 1119 2138; x_wconf 83' lang='lat' dir='ltr'>discedit,</span> <span class='ocrx_word' id='word_1_93' title='bbox 1141 2045 1247 2149; x_wconf 85' lang='lat' dir='ltr'>quod¹</span> <span class='ocrx_word' id='word_1_94' title='bbox 1269 2076 1386 2125; x_wconf 79' lang='lat' dir='ltr'>omncs</span> <span class='ocrx_word' id='word_1_95' title='bbox 1412 2049 1637 2128; x_wconf 72' lang='lat' dir='ltr'>fanaticorum</span> <span class='ocrx_word' id='word_1_96' title='bbox 1667 2081 1718 2127; x_wconf 85' lang='lat' dir='ltr'>cs·</span> 
     </span>
     <span class='ocr_line' id='line_1_15' title="bbox 620 2152 1790 2251; baseline -0.001 -20"><span class='ocrx_word' id='word_1_97' title='bbox 620 2182 710 2231; x_wconf 84' lang='lat' dir='ltr'>tores</span> <span class='ocrx_word' id='word_1_98' title='bbox 724 2181 763 2227; x_wconf 81' lang='lat' dir='ltr'>ex</span> <span class='ocrx_word' id='word_1_99' title='bbox 784 2154 920 2228; x_wconf 84' lang='lat' dir='ltr'>Platone</span> <span class='ocrx_word' id='word_1_100' title='bbox 942 2157 1075 2251; x_wconf 81' lang='lat' dir='ltr'>eiusque</span> <span class='ocrx_word' id='word_1_101' title='bbox 1104 2152 1457 2250; x_wconf 84' lang='lat' dir='ltr'>philosophiaderinat</span> <span class='ocrx_word' id='word_1_102' title='bbox 1481 2179 1520 2225; x_wconf 88' lang='lat' dir='ltr'>ac</span> <span class='ocrx_word' id='word_1_103' title='bbox 1549 2154 1717 2250; x_wconf 83' lang='lat' dir='ltr'>speciatim</span> <span class='ocrx_word' id='word_1_104' title='bbox 1788 2159 1790 2164; x_wconf 76' lang='grc'><strong>’</strong></span> 
     </span>
     <span class='ocr_line' id='line_1_16' title="bbox 618 2249 1717 2356; baseline 0 -28"><span class='ocrx_word' id='word_1_105' title='bbox 618 2281 727 2356; x_wconf 82' lang='lat' dir='ltr'>patres</span> <span class='ocrx_word' id='word_1_106' title='bbox 747 2256 882 2328; x_wconf 80' lang='lat' dir='ltr'>ecclesia</span> <span class='ocrx_word' id='word_1_107' title='bbox 902 2254 1081 2327; x_wconf 89' lang='lat' dir='ltr'>multorum</span> <span class='ocrx_word' id='word_1_108' title='bbox 1101 2256 1381 2326; x_wconf 87' lang='lat' dir='ltr'>Platonismotum</span> <span class='ocrx_word' id='word_1_109' title='bbox 1396 2255 1462 2327; x_wconf 80' lang='lat' dir='ltr'>sinc</span> <span class='ocrx_word' id='word_1_110' title='bbox 1483 2249 1588 2327; x_wconf 74' lang='lat' dir='ltr'>caussa</span> <span class='ocrx_word' id='word_1_111' title='bbox 1614 2258 1717 2328; x_wconf 87' lang='lat' dir='ltr'>adcu-</span> 
     </span>
     <span class='ocr_line' id='line_1_17' title="bbox 618 2352 1716 2456; baseline 0.001 -26"><span class='ocrx_word' id='word_1_112' title='bbox 618 2357 686 2432; x_wconf 89' lang='lat' dir='ltr'>sat:</span> <span class='ocrx_word' id='word_1_113' title='bbox 712 2365 818 2429; x_wconf 92' lang='lat' dir='ltr'>immo</span> <span class='ocrx_word' id='word_1_114' title='bbox 845 2362 931 2427; x_wconf 89' lang='lat' dir='ltr'>inter</span> <span class='ocrx_word' id='word_1_115' title='bbox 957 2352 1037 2426; x_wconf 89' lang='lat' dir='ltr'>falla</span> <span class='ocrx_word' id='word_1_116' title='bbox 1062 2354 1207 2426; x_wconf 80' lang='lat' dir='ltr'>Platonis</span> <span class='ocrx_word' id='word_1_117' title='bbox 1231 2356 1390 2451; x_wconf 82' lang='lat' dir='ltr'>dogmata</span> <span class='ocrx_word' id='word_1_118' title='bbox 1419 2354 1541 2455; x_wconf 80' lang='lat' dir='ltr'>refert,</span> <span class='ocrx_word' id='word_1_119' title='bbox 1573 2383 1647 2456; x_wconf 72' lang='lat' dir='ltr'>qua,</span> <span class='ocrx_word' id='word_1_120' title='bbox 1676 2383 1716 2431; x_wconf 83' lang='lat' dir='ltr'>tx</span> 
     </span>
     <span class='ocr_line' id='line_1_18' title="bbox 616 2451 1619 2556; baseline -0.01 -23"><span class='ocrx_word' id='word_1_121' title='bbox 616 2459 774 2556; x_wconf 87' lang='lat' dir='ltr'>scriptura</span> <span class='ocrx_word' id='word_1_122' title='bbox 795 2457 882 2528; x_wconf 88' lang='lat' dir='ltr'>sacra</span> <span class='ocrx_word' id='word_1_123' title='bbox 901 2455 1071 2554; x_wconf 88' lang='lat' dir='ltr'>probanda</span> <span class='ocrx_word' id='word_1_124' title='bbox 1086 2456 1171 2527; x_wconf 62' lang='lat' dir='ltr'>sunt}</span> <span class='ocrx_word' id='word_1_125' title='bbox 1324 2539 1326 2544; x_wconf 23' lang='grc' dir='ltr'>Ι</span> <span class='ocrx_word' id='word_1_126' title='bbox 1617 2451 1619 2456; x_wconf 72' lang='grc'><strong>’</strong></span> 
     </span>
    </p>

    <p class='ocr_par' dir='ltr' id='par_1_8' title="bbox 610 2553 1718 3164">
     <span class='ocr_line' id='line_1_19' title="bbox 668 2553 1716 2656; baseline 0 -26"><span class='ocrx_word' id='word_1_127' title='bbox 668 2581 926 2630; x_wconf 79' lang='lat' dir='ltr'>cnutsrrnur</span> <span class='ocrx_word' id='word_1_128' title='bbox 975 2566 1198 2628; x_wconf 79' lang='lat' dir='ltr'>rnroaulcr</span> <span class='ocrx_word' id='word_1_129' title='bbox 1244 2579 1437 2635; x_wconf 76' lang='lat' dir='ltr'>nucusnt</span> <span class='ocrx_word' id='word_1_130' title='bbox 1474 2555 1587 2656; x_wconf 79' lang='lat' dir='ltr'>mmses</span> <span class='ocrx_word' id='word_1_131' title='bbox 1624 2553 1716 2651; x_wconf 75' lang='lat' dir='ltr'>pisti·</span> 
     </span>
     <span class='ocr_line' id='line_1_20' title="bbox 616 2654 1718 2760; baseline 0.002 -30"><span class='ocrx_word' id='word_1_132' title='bbox 616 2661 700 2744; x_wconf 66' lang='lat' dir='ltr'>ilici,</span> <span class='ocrx_word' id='word_1_133' title='bbox 723 2665 772 2744; x_wconf 80' lang='lat' dir='ltr'>dit</span> <span class='ocrx_word' id='word_1_134' title='bbox 795 2661 869 2757; x_wconf 75' lang='lat' dir='ltr'>risse</span> <span class='ocrx_word' id='word_1_135' title='bbox 889 2663 941 2729; x_wconf 78' lang='lat' dir='ltr'>des</span> <span class='ocrx_word' id='word_1_136' title='bbox 953 2654 1063 2756; x_wconf 82' lang='lat' dir='ltr'>satam</span> <span class='ocrx_word' id='word_1_137' title='bbox 1080 2663 1115 2727; x_wconf 84' lang='lat' dir='ltr'>ln</span> <span class='ocrx_word' id='word_1_138' title='bbox 1132 2660 1201 2727; x_wconf 86' lang='lat' dir='ltr'>dem</span> <span class='ocrx_word' id='word_1_139' title='bbox 1221 2655 1718 2760; x_wconf 62' lang='lat' dir='ltr'>marisci-zoroastriscltffllu·</span> 
     </span>
     <span class='ocr_line' id='line_1_21' title="bbox 610 2756 1715 2860; baseline 0 -28"><span class='ocrx_word' id='word_1_140' title='bbox 610 2757 998 2860; x_wconf 75' lang='lat' dir='ltr'>gorifclt·cabballslifcltcn</span> <span class='ocrx_word' id='word_1_141' title='bbox 1032 2756 1243 2853; x_wconf 78' lang='lat' dir='ltr'>clrisltnrluam</span> <span class='ocrx_word' id='word_1_142' title='bbox 1272 2763 1329 2829; x_wconf 82' lang='lat' dir='ltr'>der</span> <span class='ocrx_word' id='word_1_143' title='bbox 1356 2760 1495 2855; x_wconf 63' lang='lat' dir='ltr'>pistilltn</span> <span class='ocrx_word' id='word_1_144' title='bbox 1530 2761 1715 2857; x_wconf 76' lang='lat' dir='ltr'>uorjlclcnd,</span> 
     </span>
     <span class='ocr_line' id='line_1_22' title="bbox 616 2857 1717 2960; baseline -0.006 -26"><span class='ocrx_word' id='word_1_145' title='bbox 616 2862 830 2956; x_wconf 84' lang='lat' dir='ltr'>Vittmbsrga</span> <span class='ocrx_word' id='word_1_146' title='bbox 844 2871 1036 2945; x_wconf 78' lang='lat' dir='ltr'>Moccv.8.</span> <span class='ocrx_word' id='word_1_147' title='bbox 1062 2864 1118 2956; x_wconf 88' lang='lat' dir='ltr'>qui</span> <span class='ocrx_word' id='word_1_148' title='bbox 1137 2860 1352 2955; x_wconf 84' lang='lat' dir='ltr'>Colbetgium</span> <span class='ocrx_word' id='word_1_149' title='bbox 1373 2857 1517 2958; x_wconf 83' lang='lat' dir='ltr'>sequitur</span> <span class='ocrx_word' id='word_1_150' title='bbox 1540 2883 1643 2960; x_wconf 86' lang='lat' dir='ltr'>atque·</span> <span class='ocrx_word' id='word_1_151' title='bbox 1660 2869 1717 2934; x_wconf 91' lang='lat' dir='ltr'>iti.</span> 
     </span>
     <span class='ocr_line' id='line_1_23' title="bbox 614 2959 1715 3058; baseline 0.005 -26"><span class='ocrx_word' id='word_1_152' title='bbox 614 2962 692 3034; x_wconf 86' lang='lat' dir='ltr'>dem</span> <span class='ocrx_word' id='word_1_153' title='bbox 709 2964 750 3034; x_wconf 82' lang='lat' dir='ltr'>de</span> <span class='ocrx_word' id='word_1_154' title='bbox 764 2965 936 3032; x_wconf 80' lang='lat' dir='ltr'>Platonicis</span> <span class='ocrx_word' id='word_1_155' title='bbox 953 2960 1174 3058; x_wconf 77' lang='lat' dir='ltr'>dogmatibus,</span> <span class='ocrx_word' id='word_1_156' title='bbox 1187 2982 1358 3057; x_wconf 89' lang='lat' dir='ltr'>tamquam</span> <span class='ocrx_word' id='word_1_157' title='bbox 1379 2959 1476 3034; x_wconf 83' lang='lat' dir='ltr'>fonte</span> <span class='ocrx_word' id='word_1_158' title='bbox 1493 2961 1715 3037; x_wconf 70' lang='lat' dir='ltr'>fanaticorum</span> 
     </span>
     <span class='ocr_line' id='line_1_24' title="bbox 613 3059 1498 3164; baseline -0.003 -28"><span class='ocrx_word' id='word_1_159' title='bbox 613 3069 833 3163; x_wconf 87' lang='lat' dir='ltr'>opinionum,</span> <span class='ocrx_word' id='word_1_160' title='bbox 859 3059 1022 3161; x_wconf 83' lang='lat' dir='ltr'>speciatim</span> <span class='ocrx_word' id='word_1_161' title='bbox 1041 3082 1174 3161; x_wconf 87' lang='lat' dir='ltr'>patrum</span> <span class='ocrx_word' id='word_1_162' title='bbox 1193 3059 1352 3149; x_wconf 77' lang='lat' dir='ltr'>ecclesa,</span> <span class='ocrx_word' id='word_1_163' title='bbox 1367 3059 1498 3164; x_wconf 79' lang='lat' dir='ltr'>disserit.</span> 
     </span>
    </p>

    <p class='ocr_par' dir='ltr' id='par_1_9' title="bbox 610 3163 1714 4045">
     <span class='ocr_line' id='line_1_25' title="bbox 683 3163 1714 3262; baseline 0.002 -27"><span class='ocrx_word' id='word_1_164' title='bbox 683 3189 796 3236; x_wconf 78' lang='lat' dir='ltr'>nrvrr</span> <span class='ocrx_word' id='word_1_165' title='bbox 843 3188 1058 3237; x_wconf 71' lang='lat' dir='ltr'>orituris</span> <span class='ocrx_word' id='word_1_166' title='bbox 1092 3163 1258 3259; x_wconf 75' lang='lat' dir='ltr'>christiana</span> <span class='ocrx_word' id='word_1_167' title='bbox 1291 3164 1438 3262; x_wconf 70' lang='lat' dir='ltr'>theologia</span> <span class='ocrx_word' id='word_1_168' title='bbox 1455 3189 1526 3234; x_wconf 86' lang='lat' dir='ltr'>cum</span> <span class='ocrx_word' id='word_1_169' title='bbox 1552 3167 1714 3238; x_wconf 80' lang='lat' dir='ltr'>Platonica</span> 
     </span>
     <span class='ocr_line' id='line_1_26' title="bbox 613 3263 1711 3364; baseline 0.001 -26"><span class='ocrx_word' id='word_1_170' title='bbox 613 3271 817 3358; x_wconf 82' lang='lat' dir='ltr'>comparatio,</span> <span class='ocrx_word' id='word_1_171' title='bbox 832 3265 921 3336; x_wconf 89' lang='lat' dir='ltr'>libris</span> <span class='ocrx_word' id='word_1_172' title='bbox 940 3283 1004 3339; x_wconf 77' lang='lat' dir='ltr'>xxa</span> <span class='ocrx_word' id='word_1_173' title='bbox 1022 3267 1180 3335; x_wconf 77' lang='lat' dir='ltr'>Bononia</span> <span class='ocrx_word' id='word_1_174' title='bbox 1196 3263 1476 3340; x_wconf 83' lang='lat' dir='ltr'>MDcxxv11.ful.</span> <span class='ocrx_word' id='word_1_175' title='bbox 1493 3270 1583 3338; x_wconf 89' lang='lat' dir='ltr'>cuius</span> <span class='ocrx_word' id='word_1_176' title='bbox 1602 3271 1711 3364; x_wconf 76' lang='lat' dir='ltr'>operis</span> 
     </span>
     <span class='ocr_line' id='line_1_27' title="bbox 611 3364 1711 3466; baseline -0.003 -24"><span class='ocrx_word' id='word_1_177' title='bbox 611 3369 695 3441; x_wconf 87' lang='lat' dir='ltr'>liber</span> <span class='ocrx_word' id='word_1_178' title='bbox 716 3372 838 3463; x_wconf 89' lang='lat' dir='ltr'>primus</span> <span class='ocrx_word' id='word_1_179' title='bbox 857 3365 1083 3461; x_wconf 70' lang='lat' dir='ltr'>compleslitur</span> <span class='ocrx_word' id='word_1_180' title='bbox 1096 3364 1240 3436; x_wconf 84' lang='lat' dir='ltr'>Platonis</span> <span class='ocrx_word' id='word_1_181' title='bbox 1256 3370 1359 3435; x_wconf 83' lang='lat' dir='ltr'>vitam</span> <span class='ocrx_word' id='word_1_182' title='bbox 1377 3390 1415 3435; x_wconf 90' lang='lat' dir='ltr'>ac</span> <span class='ocrx_word' id='word_1_183' title='bbox 1430 3366 1566 3454; x_wconf 87' lang='lat' dir='ltr'>laudes,</span> <span class='ocrx_word' id='word_1_184' title='bbox 1591 3368 1711 3466; x_wconf 88' lang='lat' dir='ltr'>quibus</span> 
     </span>
     <span class='ocr_line' id='line_1_28' title="bbox 612 3465 1712 3566; baseline 0.002 -26"><span class='ocrx_word' id='word_1_185' title='bbox 612 3473 775 3566; x_wconf 77' lang='lat' dir='ltr'>praecipue</span> <span class='ocrx_word' id='word_1_186' title='bbox 789 3471 904 3539; x_wconf 85' lang='lat' dir='ltr'>vetetis</span> <span class='ocrx_word' id='word_1_187' title='bbox 927 3465 1062 3538; x_wconf 84' lang='lat' dir='ltr'>ecclcstae</span> <span class='ocrx_word' id='word_1_188' title='bbox 1080 3466 1232 3554; x_wconf 66' lang='lat' dir='ltr'>dossorcs</span> <span class='ocrx_word' id='word_1_189' title='bbox 1254 3490 1330 3539; x_wconf 85' lang='lat' dir='ltr'>turn</span> <span class='ocrx_word' id='word_1_190' title='bbox 1347 3485 1527 3553; x_wconf 87' lang='lat' dir='ltr'>ornarunt,</span> <span class='ocrx_word' id='word_1_191' title='bbox 1552 3493 1712 3542; x_wconf 81' lang='lat' dir='ltr'>unacum</span> 
     </span>
     <span class='ocr_line' id='line_1_29' title="bbox 611 3564 1710 3667; baseline -0.002 -26"><span class='ocrx_word' id='word_1_192' title='bbox 611 3574 672 3654; x_wconf 92' lang='lat' dir='ltr'>iis,</span> <span class='ocrx_word' id='word_1_193' title='bbox 694 3594 763 3666; x_wconf 83' lang='lat' dir='ltr'>qua</span> <span class='ocrx_word' id='word_1_194' title='bbox 779 3569 878 3639; x_wconf 87' lang='lat' dir='ltr'>iidem</span> <span class='ocrx_word' id='word_1_195' title='bbox 892 3572 927 3638; x_wconf 93' lang='lat' dir='ltr'>in</span> <span class='ocrx_word' id='word_1_196' title='bbox 946 3564 1016 3663; x_wconf 89' lang='lat' dir='ltr'>ipso</span> <span class='ocrx_word' id='word_1_197' title='bbox 1031 3566 1229 3641; x_wconf 85' lang='lat' dir='ltr'>daninatunt</span> <span class='ocrx_word' id='word_1_198' title='bbox 1251 3569 1504 3652; x_wconf 82' lang='lat' dir='ltr'>assationibus,</span> <span class='ocrx_word' id='word_1_199' title='bbox 1518 3572 1637 3667; x_wconf 89' lang='lat' dir='ltr'>quibus</span> <span class='ocrx_word' id='word_1_200' title='bbox 1653 3567 1710 3639; x_wconf 80' lang='lat' dir='ltr'>de-</span> 
     </span>
     <span class='ocr_line' id='line_1_30' title="bbox 610 3663 1709 3766; baseline -0.002 -23"><span class='ocrx_word' id='word_1_201' title='bbox 610 3669 718 3743; x_wconf 85' lang='lat' dir='ltr'>fensio</span> <span class='ocrx_word' id='word_1_202' title='bbox 736 3668 805 3740; x_wconf 84' lang='lat' dir='ltr'>ficti</span> <span class='ocrx_word' id='word_1_203' title='bbox 827 3670 934 3766; x_wconf 80' lang='lat' dir='ltr'>possit.</span> <span class='ocrx_word' id='word_1_204' title='bbox 985 3674 1084 3740; x_wconf 87' lang='lat' dir='ltr'>Hanc</span> <span class='ocrx_word' id='word_1_205' title='bbox 1106 3668 1151 3741; x_wconf 94' lang='lat' dir='ltr'>ob</span> <span class='ocrx_word' id='word_1_206' title='bbox 1173 3663 1314 3739; x_wconf 78' lang='lat' dir='ltr'>caussam</span> <span class='ocrx_word' id='word_1_207' title='bbox 1333 3667 1454 3740; x_wconf 89' lang='lat' dir='ltr'>librum</span> <span class='ocrx_word' id='word_1_208' title='bbox 1467 3671 1557 3741; x_wconf 90' lang='lat' dir='ltr'>hunc</span> <span class='ocrx_word' id='word_1_209' title='bbox 1577 3670 1709 3752; x_wconf 84' lang='lat' dir='ltr'>adduxi.</span> 
     </span>
     <span class='ocr_line' id='line_1_31' title="bbox 612 3768 1710 3868; baseline -0.004 -23"><span class='ocrx_word' id='word_1_210' title='bbox 612 3773 707 3845; x_wconf 80' lang='lat' dir='ltr'>Idem</span> <span class='ocrx_word' id='word_1_211' title='bbox 726 3791 956 3865; x_wconf 85' lang='lat' dir='ltr'>argumentum</span> <span class='ocrx_word' id='word_1_212' title='bbox 980 3769 1022 3842; x_wconf 85' lang='lat' dir='ltr'>de</span> <span class='ocrx_word' id='word_1_213' title='bbox 1042 3770 1187 3843; x_wconf 80' lang='lat' dir='ltr'>Platonis</span> <span class='ocrx_word' id='word_1_214' title='bbox 1206 3768 1362 3840; x_wconf 87' lang='lat' dir='ltr'>consensu</span> <span class='ocrx_word' id='word_1_215' title='bbox 1387 3794 1463 3841; x_wconf 90' lang='lat' dir='ltr'>cum</span> <span class='ocrx_word' id='word_1_216' title='bbox 1481 3770 1637 3868; x_wconf 88' lang='lat' dir='ltr'>scriptura</span> <span class='ocrx_word' id='word_1_217' title='bbox 1660 3768 1710 3841; x_wconf 89' lang='lat' dir='ltr'>sa-</span> 
     </span>
     <span class='ocr_line' id='line_1_32' title="bbox 614 3869 1712 3971; baseline -0.002 -28"><span class='ocrx_word' id='word_1_218' title='bbox 614 3896 670 3943; x_wconf 89' lang='lat' dir='ltr'>cra</span> <span class='ocrx_word' id='word_1_219' title='bbox 696 3871 751 3941; x_wconf 88' lang='lat' dir='ltr'>alii</span> <span class='ocrx_word' id='word_1_220' title='bbox 775 3869 957 3970; x_wconf 80' lang='lat' dir='ltr'>persequuti</span> <span class='ocrx_word' id='word_1_221' title='bbox 973 3870 1065 3958; x_wconf 91' lang='lat' dir='ltr'>sunt,</span> <span class='ocrx_word' id='word_1_222' title='bbox 1091 3896 1177 3971; x_wconf 90' lang='lat' dir='ltr'>quos</span> <span class='ocrx_word' id='word_1_223' title='bbox 1212 3895 1269 3945; x_wconf 78' lang='grc' dir='ltr'>ιο.</span> <span class='ocrx_word' id='word_1_224' title='bbox 1298 3892 1515 3943; x_wconf 78' lang='lat' dir='ltr'>arsrurva</span> <span class='ocrx_word' id='word_1_225' title='bbox 1561 3895 1712 3947; x_wconf 78' lang='lat' dir='ltr'>ranar-</span> 
     </span>
     <span class='ocr_line' id='line_1_33' title="bbox 615 3975 1630 4045; baseline -0.004 0"><span class='ocrx_word' id='word_1_226' title='bbox 615 3996 708 4045; x_wconf 84' lang='lat' dir='ltr'>crts</span> <span class='ocrx_word' id='word_1_227' title='bbox 736 3975 945 4042; x_wconf 74' lang='lat' dir='ltr'>enumerat*</span> <span class='ocrx_word' id='word_1_228' title='bbox 1367 3985 1369 3989; x_wconf 82' lang='grc'>’</span> <span class='ocrx_word' id='word_1_229' title='bbox 1628 3983 1630 3988; x_wconf 85' lang='grc'><strong>’</strong></span> 
     </span>
    </p>

    <p class='ocr_par' dir='ltr' id='par_1_10' title="bbox 605 4066 1711 4674">
     <span class='ocr_line' id='line_1_34' title="bbox 670 4066 1707 4169; baseline 0.004 -28"><span class='ocrx_word' id='word_1_230' title='bbox 670 4077 713 4142; x_wconf 84' lang='lat' dir='ltr'>Lt</span> <span class='ocrx_word' id='word_1_231' title='bbox 725 4072 911 4146; x_wconf 77' lang='lat' dir='ltr'>Platonismc</span> <span class='ocrx_word' id='word_1_232' title='bbox 925 4070 1045 4157; x_wconf 78' lang='lat' dir='ltr'>dtuoilae&#39;,</span> <span class='ocrx_word' id='word_1_233' title='bbox 1066 4096 1105 4142; x_wconf 90' lang='lat' dir='ltr'>ou</span> <span class='ocrx_word' id='word_1_234' title='bbox 1123 4066 1191 4169; x_wconf 77' lang='lat' dir='ltr'>cffitt&#39;</span> <span class='ocrx_word' id='word_1_235' title='bbox 1200 4075 1346 4169; x_wconf 71' lang='lat' dir='ltr'>touchant</span> <span class='ocrx_word' id='word_1_236' title='bbox 1359 4069 1387 4140; x_wconf 80' lang='lat' dir='ltr'>lt</span> <span class='ocrx_word' id='word_1_237' title='bbox 1400 4066 1494 4143; x_wconf 80' lang='lat' dir='ltr'><em>verbe</em></span> <span class='ocrx_word' id='word_1_238' title='bbox 1504 4073 1707 4157; x_wconf 81' lang='lat' dir='ltr'>Platonicitn‚</span> 
     </span>
     <span class='ocr_line' id='line_1_35' title="bbox 605 4170 1708 4270; baseline 0.004 -25"><span class='ocrx_word' id='word_1_239' title='bbox 605 4170 704 4269; x_wconf 57' lang='lat' dir='ltr'>&#39;diutst</span> <span class='ocrx_word' id='word_1_240' title='bbox 727 4197 764 4241; x_wconf 82' lang='lat' dir='ltr'>en</span> <span class='ocrx_word' id='word_1_241' title='bbox 783 4174 864 4241; x_wconf 81' lang='lat' dir='ltr'>dctax</span> <span class='ocrx_word' id='word_1_242' title='bbox 880 4176 1023 4262; x_wconf 82' lang='lat' dir='ltr'>parties,</span> <span class='ocrx_word' id='word_1_243' title='bbox 1045 4172 1199 4245; x_wconf 74' lang='lat' dir='ltr'>Colonia</span> <span class='ocrx_word' id='word_1_244' title='bbox 1208 4176 1225 4256; x_wconf 76' lang='lat'>;&#39;</span> <span class='ocrx_word' id='word_1_245' title='bbox 1256 4173 1321 4244; x_wconf 83' lang='lat' dir='ltr'>siue</span> <span class='ocrx_word' id='word_1_246' title='bbox 1336 4171 1447 4270; x_wconf 82' lang='lat' dir='ltr'>potius</span> <span class='ocrx_word' id='word_1_247' title='bbox 1470 4175 1708 4249; x_wconf 82' lang='lat' dir='ltr'>Amllelodami</span> 
     </span>
     <span class='ocr_line' id='line_1_36' title="bbox 610 4270 1709 4368; baseline 0.005 -26"><span class='ocrx_word' id='word_1_248' title='bbox 610 4292 733 4362; x_wconf 71' lang='lat' dir='ltr'>proce.</span> <span class='ocrx_word' id='word_1_249' title='bbox 758 4285 794 4359; x_wconf 86' lang='lat'>8.</span> <span class='ocrx_word' id='word_1_250' title='bbox 837 4293 870 4362; x_wconf 86' lang='lat' dir='ltr'>ct</span> <span class='ocrx_word' id='word_1_251' title='bbox 902 4270 1031 4366; x_wconf 82' lang='lat' dir='ltr'>anglice</span> <span class='ocrx_word' id='word_1_252' title='bbox 1059 4274 1181 4368; x_wconf 83' lang='lat' dir='ltr'>codem</span> <span class='ocrx_word' id='word_1_253' title='bbox 1207 4299 1300 4344; x_wconf 90' lang='lat' dir='ltr'>anno</span> <span class='ocrx_word' id='word_1_254' title='bbox 1334 4297 1370 4368; x_wconf 85' lang='lat'>4.</span> <span class='ocrx_word' id='word_1_255' title='bbox 1420 4278 1549 4347; x_wconf 71' lang='lat' dir='ltr'>Austor</span> <span class='ocrx_word' id='word_1_256' title='bbox 1581 4301 1709 4348; x_wconf 87' lang='lat' dir='ltr'>nomen</span> 
     </span>
     <span class='ocr_line' id='line_1_37' title="bbox 608 4369 1711 4468; baseline 0.002 -21"><span class='ocrx_word' id='word_1_257' title='bbox 608 4372 704 4447; x_wconf 89' lang='lat' dir='ltr'>suum</span> <span class='ocrx_word' id='word_1_258' title='bbox 725 4369 852 4451; x_wconf 75' lang='lat' dir='ltr'>omisrts</span> <span class='ocrx_word' id='word_1_259' title='bbox 879 4375 907 4442; x_wconf 89' lang='lat' dir='ltr'>is</span> <span class='ocrx_word' id='word_1_260' title='bbox 928 4391 1039 4443; x_wconf 83' lang='lat' dir='ltr'>autem</span> <span class='ocrx_word' id='word_1_261' title='bbox 1068 4394 1376 4445; x_wconf 77' lang='lat' dir='ltr'>sovvassrurvs</span> <span class='ocrx_word' id='word_1_262' title='bbox 1401 4372 1462 4446; x_wconf 84' lang='lat' dir='ltr'>elle</span> <span class='ocrx_word' id='word_1_263' title='bbox 1482 4377 1621 4468; x_wconf 89' lang='lat' dir='ltr'>dicitur,</span> <span class='ocrx_word' id='word_1_264' title='bbox 1647 4381 1711 4450; x_wconf 90' lang='lat' dir='ltr'>mi·</span> 
     </span>
     <span class='ocr_line' id='line_1_38' title="bbox 610 4469 1710 4567; baseline 0.001 -19"><span class='ocrx_word' id='word_1_265' title='bbox 610 4476 708 4548; x_wconf 79' lang='lat' dir='ltr'>nister</span> <span class='ocrx_word' id='word_1_266' title='bbox 735 4474 869 4545; x_wconf 79' lang='lat' dir='ltr'>scelesta</span> <span class='ocrx_word' id='word_1_267' title='bbox 886 4469 1165 4556; x_wconf 85' lang='lat' dir='ltr'>reformatorum,</span> <span class='ocrx_word' id='word_1_268' title='bbox 1190 4470 1354 4567; x_wconf 80' lang='lat' dir='ltr'>speciatim</span> <span class='ocrx_word' id='word_1_269' title='bbox 1387 4482 1529 4548; x_wconf 79' lang='lat' dir='ltr'>Arminii</span> <span class='ocrx_word' id='word_1_270' title='bbox 1553 4478 1710 4549; x_wconf 74' lang='lat' dir='ltr'>doiirinat</span> 
     </span>
     <span class='ocr_line' id='line_1_39' title="bbox 611 4569 1709 4674; baseline 0 -26"><span class='ocrx_word' id='word_1_271' title='bbox 611 4576 771 4648; x_wconf 55' lang='lat' dir='ltr'>addictus.</span> <span class='ocrx_word' id='word_1_272' title='bbox 819 4569 1028 4671; x_wconf 84' lang='lat' dir='ltr'>Impudentsr</span> <span class='ocrx_word' id='word_1_273' title='bbox 1052 4575 1080 4643; x_wconf 92' lang='lat' dir='ltr'>is</span> <span class='ocrx_word' id='word_1_274' title='bbox 1109 4570 1169 4646; x_wconf 86' lang='lat' dir='ltr'>fibi</span> <span class='ocrx_word' id='word_1_275' title='bbox 1196 4570 1305 4644; x_wconf 87' lang='lat' dir='ltr'>sumsit</span> <span class='ocrx_word' id='word_1_276' title='bbox 1327 4576 1489 4669; x_wconf 82' lang='lat' dir='ltr'>probare,</span> <span class='ocrx_word' id='word_1_277' title='bbox 1513 4583 1709 4674; x_wconf 75' lang='lat' dir='ltr'>antiquioris</span> 
     </span>
    </p>

    <p class='ocr_par' dir='ltr' id='par_1_11' title="bbox 576 4679 1713 4852">
     <span class='ocr_line' id='line_1_40' title="bbox 1608 4679 1713 4751; baseline -0.057 -2"><span class='ocrx_word' id='word_1_278' title='bbox 1608 4679 1713 4751; x_wconf 85' lang='lat' dir='ltr'>ecclc.</span> 
     </span>
     <span class='ocr_line' id='line_1_41' title="bbox 576 4800 1712 4852; baseline -0.002 -24"><span class='ocrx_word' id='word_1_279' title='bbox 576 4800 1712 4852; x_wconf 27' lang='lat' dir='ltr'>***v-*—U-</span> 
     </span>
    </p>
   </div>
   <div class='ocr_carea' id='block_1_3' title="bbox 622 4882 1304 4994">
    <p class='ocr_par' dir='ltr' id='par_1_12' title="bbox 622 4882 1304 4994">
     <span class='ocr_line' id='line_1_42' title="bbox 622 4882 1304 4994; baseline -0.004 -44"><span class='ocrx_word' id='word_1_280' title='bbox 622 4884 639 4926; x_wconf 79' lang='lat'>⁸</span> <span class='ocrx_word' id='word_1_281' title='bbox 656 4883 806 4952; x_wconf 74' lang='lat' dir='ltr'>bibliothec.</span> <span class='ocrx_word' id='word_1_282' title='bbox 818 4905 904 4972; x_wconf 76' lang='lat' dir='ltr'>grat.</span> <span class='ocrx_word' id='word_1_283' title='bbox 921 4882 1050 4994; x_wconf 67' lang='lat' dir='ltr'>oplaniis.</span> <span class='ocrx_word' id='word_1_284' title='bbox 1068 4901 1113 4951; x_wconf 77' lang='lat' dir='ltr'>tr.</span> <span class='ocrx_word' id='word_1_285' title='bbox 1130 4904 1162 4969; x_wconf 81' lang='lat' dir='ltr'>p.</span> <span class='ocrx_word' id='word_1_286' title='bbox 1174 4898 1225 4964; x_wconf 78' lang='lat'>39.</span> <span class='ocrx_word' id='word_1_287' title='bbox 1302 4943 1304 4947; x_wconf 86' lang='grc'><em>,</em></span> 
     </span>
    </p>
   </div>
   <div class='ocr_carea' id='block_1_4' title="bbox 0 0 2330 5842">
    <p class='ocr_par' dir='ltr' id='par_1_13' title="bbox 0 0 2330 5842">
     <span class='ocr_line' id='line_1_43' title="bbox 0 0 2330 5842; baseline 0 7"><span class='ocrx_word' id='word_1_288' title='bbox 0 0 2330 5842; x_wconf 95' lang='lat' dir='ltr'> </span> 
     </span>
    </p>
   </div>
  </div>
 </body>
</html>
